2580 4506
474 248 590 303 LIBER
605 249 657 304 ΠΙ.

55 371 150 455 ‘quia
166 371 275 436 videor
293 392 375 448 acer,
396 373 527 458 alligant
543 395 595 438 me
611 372 758 450 interdiu,

55 467 129 530 luce
147 475 182 530 ut
199 467 359 550 quiescam
377 478 408 531 et
426 468 565 552 vigilem,
583 489 647 531 nox
665 490 737 533 cum
755 468 889 532 venerit:

57 561 244 645 crepusculo
262 562 392 638 solutus,
410 582 474 646 qua
490 561 593 626 visum
612 573 669 639 est,
688 584 796 647 vagor.
1094 562 1129 616 20

57 655 201 719 adfertur
217 655 299 719 ultro
316 655 407 739 panis
413 680 421 732 ;
445 656 611 720 demensa
628 680 686 721 sua

58 749 113 812 dat
129 770 202 813 ossa
219 748 380 826 dominun
402 750 504 814 frusta
521 751 617 815 iactat
634 751 754 815 familia

57 854 101 920 et,
118 843 205 926 quod
223 843 344 908 fastidit
361 844 505 928 quisque,
523 846 776 930 pulmentarium.

57 936 104 1001 sic
122 936 190 1002 sine
206 937 315 1003 labore
332 950 442 1003 venter
458 939 607 1024 impletur
625 939 734 1004 meua'

58 1036 145 1116 ‘aga
163 1031 191 1095 si
208 1053 271 1115 quo
289 1031 376 1097 abire
394 1044 441 1098 est
458 1034 592 1110 animus,
612 1045 659 1098 est
675 1034 834 1098 licentia?’
1094 1033 1129 1088 25

59 1132 140 1189 ‘non
157 1126 252 1210 plane
270 1127 338 1203 est‚'
356 1127 468 1210 inquit.
513 1128 642 1205 ‘fruere
661 1149 742 1210 quae
759 1128 882 1204 laudas,
901 1126 1000 1192 canis:

57 1241 192 1305 regnare
209 1221 292 1297 nolo,
310 1221 391 1286 liber
407 1232 443 1285 ut
460 1243 524 1287 non
541 1222 601 1286 sim
618 1221 715 1286 mihi!

268 1493 363 1560 VIII.
409 1492 567 1560 SOROR
587 1495 648 1560 ΕΤ
669 1494 864 1561 FRATER.

100 1647 279 1732 Praecepto
295 1648 432 1713 monitus
452 1671 546 1734 saepe
563 1661 595 1714 te
614 1650 788 1715 considera

101 1741 253 1806 Habebat
270 1742 400 1825 quidam
417 1742 514 1806 filiam
532 1743 746 1828 turpissimam

57 1836 207 1918 idemque
224 1837 381 1920 insignem
399 1837 532 1921 pulchra
549 1837 631 1901 facie
648 1837 758 1902 filium.

56 1929 92 1994 hi
111 1929 275 2015 speculum
291 1930 324 1994 in
342 1930 490 1995 cathedra
508 1931 616 1994 matris
634 1942 669 1996 ut
687 1932 825 2017 positum
844 1929 905 1994 fuit

56 2024 221 2110 pueriliter
237 2024 382 2089 ludentes
399 2025 481 2089 forte
498 2025 713 2110 inspexerunt.

56 2118 113 2183 hic
130 2141 164 2183 se
182 2117 355 2183 formosum
373 2118 482 2182 iactat:
501 2119 555 2183 illa
572 2117 717 2184 irascitur

56 2235 119 2278 nec
136 2213 299 2298 gloriantis
318 2214 451 2277 sustinet
467 2213 572 2277 fratris
590 2214 687 2291 iocos,

57 2306 218 2392 aecipiens
235 2307 353 2392 quippe
372 2318 485 2372 cuncta
502 2307 535 2371 in
554 2308 785 2372 contumeliam.

57 2423 137 2486 ergo
155 2401 196 2465 ad
213 2412 336 2486 patrem
354 2402 491 2466 decurrit
509 2402 632 2467 laesura
650 2402 785 2466 invicem

56 2517 241 2580 magnaque
258 2496 378 2561 invidia
395 2496 576 2560 criminatur
593 2496 703 2572 filium,

56 2591 109 2654 vir
126 2600 218 2653 natus
236 2590 321 2673 quod
338 2612 406 2653 rem
423 2589 612 2654 feminarum
631 2590 778 2675 tetigerit.

58 2683 226 2768 amplexus
243 2683 296 2748 ille
313 2694 482 2766 utrumque
500 2695 531 2747 et
548 2705 680 2767 carpens
699 2683 807 2748 oscula

58 2778 250 2860 dulcemque
267 2777 300 2840 in
318 2777 428 2841 ambos
446 2777 609 2842 caritatem
626 2777 779 2863 partiens:

58 2870 211 2947 ‘cotidie'
228 2871 341 2954 inquit,
360 2872 502 2955 ‘speculo
521 2893 577 2936 voa
595 2873 642 2935 uti
659 2872 745 2935 volo:

57 2976 97 3030 tu
113 2965 247 3029 formam
264 2988 305 3031 ne
323 2987 505 3050 corrumpas
522 2965 679 3051 nequitiae
697 2965 801 3041 malis3

57 3071 96 3125 tu
113 3059 228 3124 faciem
245 3070 281 3124 ut
297 3060 390 3125 istam
407 3060 548 3125 moribus
567 3061 674 3125 vincas
692 3058 811 3124 bonisl'

251 3323 315 3389 IX.
360 3321 602 3391 SOCRATES
623 3323 688 3389 DE
710 3321 887 3389 AMIOIS.

103 3477 248 3564 Vulgare
266 3477 359 3543 amici
377 3500 503 3555 nomen,
521 3479 577 3543 sed
595 3501 666 3543 rara
684 3489 731 3544 eet
747 3477 837 3561 fides.

105 3570 191 3638 Cum
207 3595 322 3658 parvas
341 3573 434 3638 aedes
453 3573 513 3636 sibi
531 3573 695 3638 fundasset
714 3571 861 3638 Socrates

58 3666 165 3749 (cuius
182 3687 247 3731 non
263 3666 353 3751 fugio
371 3678 515 3743 mortem,
533 3667 559 3731 si
577 3667 695 3731 famam
713 3666 879 3748 adsequar,

59 3771 94 3828 et
113 3761 190 3826 cedo
208 3759 355 3837 invidiae,
373 3761 544 3824 dummodo
563 3761 709 3826 absolvar
725 3759 829 3844 cinis),

59 3879 103 3922 ex
121 3853 238 3939 populo
257 3854 301 3919 sic
319 3854 425 3919 nescio
443 3855 523 3937 quis,
541 3866 576 3919 ut
594 3855 662 3920 fieri
680 3855 772 3919 solet:

59 3957 71 3987 ‘
77 3971 207 4033 quaeso,
225 3960 289 4013 tam
308 3960 476 4035 angustam
494 3950 564 4014 talis
582 3951 630 4014 vir
647 3949 738 4034 ponis
757 3948 917 4013 domum?'

60 4043 220 4120 ‘utinam'
238 4043 350 4129 inquit,
370 4044 465 4111 ‘veris
483 4044 565 4112 hauc
583 4045 691 4111 amicis
708 4043 885 4131 impleaml'
