2580 4506
207 295 248 362 16
497 304 672 366 PHAEDRI
689 303 928 376 rABvLARvM

284 526 329 592 Η.
373 526 494 595 ANVS
520 526 743 594 DILIGENS
770 518 998 606 IVVENEM,
1024 527 1145 592 ITEM
1248 543 1249 546 ’

593 655 792 723 PVELLA.

249 783 282 846 A
299 782 425 848 feminis
443 794 615 868 utcumque
633 784 760 868 spoliari
777 785 871 860 viros,

207 889 323 955 ament,
342 889 496 955 amentur,
514 902 627 964 nempe
646 879 790 962 exemplo
809 879 966 943 discimus.

250 972 373 1037 Aetatis
392 973 515 1037 mediae
533 973 691 1056 quendam
710 973 823 1038 mulier
840 995 903 1037 non
921 973 1008 1037 rudis

206 1067 333 1131 tenebat
351 1089 451 1131 annos
470 1068 575 1131 celans
594 1067 760 1152 elegantia,

170 1169 188 1222 5
205 1161 389 1243 animosque
408 1160 548 1225 eiusdem
566 1161 699 1247 pulchra
716 1161 839 1226 iuvenis
858 1170 993 1246 ceperat.

206 1256 327 1333 ambae,
346 1256 445 1320 videri
464 1256 540 1320 dum
558 1255 668 1320 volunt
685 1256 730 1319 illi
747 1279 850 1342 pares,

206 1350 336 1434 capillos
354 1349 473 1414 homini
490 1351 596 1435 legere
614 1371 746 1434 coepere
763 1349 909 1415 invicem.

205 1444 260 1527 qui
278 1467 311 1508 se
330 1455 455 1529 putaret
472 1443 549 1530 fingi
568 1466 644 1508 cura
660 1443 839 1520 mulierum,

206 1538 313 1602 calvus
332 1547 461 1623 repente
479 1538 582 1602 factus
601 1548 661 1614 est3
679 1560 753 1602 nam
772 1537 914 1602 funditus

155 1646 189 1700 10
206 1654 300 1697 canos
318 1633 434 1718 puella,
452 1632 558 1718 nigros
577 1655 656 1696 anus
675 1631 834 1697 evelleret.

205 1863 268 1928 111.
311 1857 524 1929 AESOPVS
551 1860 617 1926 AD
646 1860 881 1942 QVENDAM
902 1858 965 1924 DE
988 1854 1229 1926 SVCCESSV

548 1987 876 2056 IMPROBORVM.

205 2128 380 2193 Laceratus
398 2126 526 2210 quidam
543 2149 650 2191 morsu
667 2126 846 2191 vehementi
864 2124 950 2190 canis

207 2223 341 2287 tinctum
361 2243 470 2287 cruore
488 2235 604 2306 panem
621 2220 706 2284 misit
723 2220 877 2295 malefico,

206 2316 349 2381 audierat
367 2338 435 2380 esee
453 2316 539 2399 quod
556 2314 731 2380 remedium
748 2314 894 2378 vulneris.

206 2422 281 2475 tunc
300 2409 343 2474 sic
361 2411 524 2494 Aesopus:
544 2408 623 2473 ‘noli
641 2430 747 2473 coram
765 2407 907 2492 pluribus

172 2511 189 2567 5
207 2504 266 2568 hoc
285 2504 389 2569 facere
407 2504 548 2580 canibus,
567 2525 681 2567 nenos
700 2502 790 2567 vivos
809 2503 970 2575 devorent,

207 2621 280 2664 cum
298 2598 424 2663 scierint
442 2620 510 2662 esse
532 2597 594 2660 tale
613 2598 724 2681 culpae
742 2594 938 2681 praemium?

251 2692 424 2759 Successus
442 2692 657 2778 improborum
674 2692 780 2776 plures
799 2690 915 2755 adlicit.

363 2929 423 2997 IV.
467 2927 664 3011 AQVILA,
683 2926 833 2994 Funus
856 2926 916 2991 ΕΤ
938 2925 1072 2992 APER.

249 3066 370 3150 Aquila
387 3068 421 3131 in
438 3066 566 3131 sublimi
583 3087 703 3149 quercu
720 3066 830 3130 nidum
847 3064 979 3140 fecerat3

208 3163 286 3228 feles
304 3184 473 3226 cavernam
491 3171 606 3226 nancta
622 3161 654 3224 in
672 3159 776 3225 media
793 3170 972 3245 pepererat3

209 3281 263 3322 sus
279 3257 416 3320 nemoris
435 3256 549 3320 cultrix
565 3254 667 3320 fetum
685 3254 838 3318 adimam
856 3265 1012 3339 posuerat.

208 3362 277 3416 tum
295 3350 460 3415 fortuitum
478 3350 556 3416 feles
575 3348 816 3414 contubernium

174 3445 320 3516 bfraude
338 3456 370 3509 et
387 3445 519 3510 scelesta
537 3444 582 3508 sic
600 3443 711 3507 evertit
728 3443 856 3507 malitia.

209 3540 249 3604 ad
267 3539 377 3603 nidum
395 3539 518 3603 scandit
535 3538 685 3602 volucris:
706 3536 893 3621 ‘pernicies,’
912 3534 965 3611 ait,

209 3633 281 3698 ‘tibi
299 3644 437 3718 paratur,
456 3632 562 3697 forsan
579 3642 611 3697 et
629 3631 760 3696 miserae
778 3630 868 3707 mihi3

208 3751 282 3793 nam
300 3728 409 3792 fodere
426 3738 541 3791 terram
560 3727 645 3809 quod
664 3726 752 3790 vides
772 3725 886 3789 cotidie

209 3844 322 3906 aprum
339 3820 535 3896 insidiosum,
553 3842 704 3903 quercum
723 3819 791 3884 vult
808 3829 958 3892 evertere,
1028 3859 1037 3874 ·

159 3930 193 3984 10
209 3928 245 3979 ut
262 3925 400 3979 nostram
418 3915 450 3978 in
468 3913 563 3999 plano
581 3913 673 3978 facile
692 3910 875 3998 progeniem
894 3907 1069 3995 opprimat.’

208 4021 327 4075 terrore
344 4007 447 4073 offuso
466 4018 497 4072 et
514 4007 704 4094 perturbatis
726 4004 869 4072 sensibus

208 4102 330 4190 derepit
347 4103 388 4168 ad
406 4102 510 4170 cubile
528 4113 650 4168 setosae
669 4100 749 4167 suis:
810 4181 812 4186 Ι
