2580 4506
507 277 680 335 PHAnDnI
696 279 935 338 FABVLARVM

410 503 492 569 XII.
537 503 718 574 CERVVS
741 505 806 570 AD
829 504 1033 575 FONTEM.

255 655 410 721 Laudatis
427 659 561 735 utiliora,
580 680 662 742 quoe
680 659 914 745 contempseris,

213 771 306 834 saepe
325 751 458 816 inveniri
475 753 553 817 haec
572 754 653 817 eruit
669 755 816 818 narratio.

254 845 310 908 Ad
327 845 447 911 fontem
464 868 586 923 corrue,
606 868 678 911 cum
696 848 836 925 bibisset,
854 849 966 914 restitit

213 949 243 1002 et
261 939 294 1002 in
311 940 431 1022 liquore
450 940 529 1005 vidit
546 941 685 1026 effigiem
704 964 803 1006 suam.

177 1041 195 1094 ὃ
211 1033 256 1096 ibi
274 1034 349 1097 dum
367 1057 490 1099 ramosa
508 1035 624 1099 mirans
641 1035 750 1100 laudat
768 1058 886 1100 cornua

212 1149 401 1210 crurumque
419 1128 548 1193 nimiam
566 1131 751 1194 tenuitatem
768 1131 934 1215 vituperat,

212 1234 384 1287 venantum
402 1223 505 1288 subito
523 1224 653 1288 vocibus
672 1225 857 1289 conterritus

210 1339 267 1401 per
284 1340 431 1402 campum
449 1318 560 1403 fugere
579 1318 681 1404 coepit
699 1331 731 1384 et
752 1341 846 1384 cursu
863 1319 926 1383 levi

211 1433 304 1476 canes
322 1412 423 1476 elusit.
467 1412 547 1475 silva
564 1423 631 1476 tum
650 1413 773 1498 excepit
790 1413 903 1488 ferum,

158 1521 193 1574 10
209 1505 243 1569 in
260 1528 323 1589 qua
340 1506 469 1571 retentis
486 1507 655 1590 impeditus
673 1507 820 1572 cornibus

209 1601 341 1665 lacerari
358 1600 460 1685 coepit
477 1601 633 1665 morsibus
651 1602 753 1666 saevis
772 1623 894 1665 canum.

210 1705 285 1759 tuno
303 1694 439 1758 moriens
457 1715 568 1759 vocem
585 1694 667 1758 hanc
685 1694 819 1760 edidisse
838 1694 964 1760 dicitnr:

211 1796 244 1852 ‘o
261 1811 313 1852 me
330 1787 502 1852 infeliceml
521 1789 576 1871 qui
593 1810 677 1853 nunc
695 1790 822 1854 demum
839 1789 998 1873 intellego,

208 1883 299 1946 utilia
315 1882 393 1946 mihi
410 1903 506 1965 quem
523 1882 650 1959 fuerint,
668 1904 749 1966 quae
768 1883 983 1967 despexeram,

158 1991 192 2046 15
209 1986 249 2053 et,
268 1998 350 2060 quae
366 1976 540 2052 laudaram,
558 1987 711 2060 quantum
728 1977 832 2042 luctus
850 1974 1036 2041 habuerint!

402 2215 502 2280 XIII.
545 2214 726 2283 vaPns
749 2215 809 2281 ΕΤ
832 2214 1028 2285 CORVVS.

251 2369 317 2450 Qui
335 2392 368 2435 se
385 2369 508 2435 laudari
525 2369 643 2455 gaudet
661 2369 765 2434 verbis
784 2369 934 2447 subdolis,

209 2487 278 2530 sera
296 2463 350 2528 dot
366 2486 485 2549 poenos
503 2475 609 2550 turpes
627 2464 828 2549 paenitentia.

251 2557 336 2630 Cum¹
353 2559 392 2622 de
410 2559 548 2624 fenestra
566 2580 677 2622 corvus
695 2570 819 2643 raptum
838 2580 964 2623 caseum

208 2674 347 2717 comesse
365 2653 468 2727 vellet,
487 2653 570 2717 celsa
586 2651 725 2717 residens
744 2653 865 2728 arbore,

174 2763 190 2817 5
207 2747 318 2832 vulpes
336 2747 420 2811 huno
439 2746 527 2822 vidit,
546 2746 659 2811 deinde
677 2746 723 2809 sic
741 2746 844 2832 coepit
861 2746 961 2828 loqui:

209 2847 241 2904 ‘o
260 2841 314 2924 qui
332 2851 467 2917 tuarum,
486 2862 587 2916 corve,
605 2840 773 2925 pinnarum
791 2851 839 2904 est
855 2839 951 2904 nitori

206 2946 360 3018 quantum
378 2934 499 2999 decoris
518 2956 648 3021 corpore
666 2945 698 2998 et
715 2935 805 2998 vultu
823 2933 921 3020 geris!

206 3028 233 3091 si
250 3051 361 3092 vocem
378 3027 520 3103 haberes,
537 3028 625 3091 nulla
641 3027 727 3112 prior
744 3028 809 3091 ales
827 3026 926 3092 foret’

207 3123 309 3187 atille
328 3123 440 3186 stultus
459 3121 534 3185 dum
552 3123 620 3185 vult
638 3143 748 3186 vocem
767 3121 940 3197 ostendere,

156 3234 190 3288 10
207 3217 309 3281 emisit
326 3239 380 3281 ore
398 3238 534 3291 caseum,
553 3237 647 3298 quem
665 3214 807 3280 celeriter

206 3311 314 3374 dolosa
331 3311 442 3395 vulpes
460 3309 560 3374 avidis
577 3308 682 3393 rapuit
699 3307 855 3373 dentibus.

206 3417 274 3469 tum
292 3405 420 3468 demum
438 3402 591 3488 ingemuit
609 3402 694 3466 corvi
712 3403 862 3488 deceptus
881 3412 996 3487 stupor.

250 3498 335 3584 [Hac
353 3522 386 3562 re
403 3498 555 3584 probatur
572 3497 734 3582 ingenium
751 3508 904 3581 quantum
923 3493 1030 3581 velet]

249 3591 388 3678 [Virtute
405 3613 528 3676 semper
545 3591 705 3675 praevalet
723 3588 899 3676 sapientie]

381 3829 476 3897 XIV.
521 3825 587 3894 EX
610 3826 792 3897 SVTORE
814 3823 1035 3893 MEDICVS.

245 3976 352 4041 Malus
371 3998 444 4040 cum
461 3986 548 4040 sutor
564 3975 670 4059 inopia
687 3973 867 4058 deperditus

204 4071 392 4136 medicinam
409 4070 518 4155 ignoto
536 4069 641 4135 facere
660 4068 813 4154 coepisset
829 4068 901 4133 looo
