2580 4506
238 245 281 314 42
530 261 705 320 PHAEDRI
720 261 959 322 FABVLARVM

241 385 396 462 ‘nullum'
414 382 517 470 inquit
532 387 596 468 ille,
615 397 739 454 ‘verum
757 388 817 453 hoc
834 413 854 454 a
870 410 994 455 summo
1011 389 1088 456 mihi

238 480 315 545 Iove
334 481 528 546 adtributum
546 483 613 548 est'
658 489 748 570 ‘ergo
766 505 824 549 neo
842 484 939 548 sumis
957 485 1015 549 tibi

238 596 296 638 nec
314 575 369 639 ulli
387 575 485 640 donas
502 577 705 661 quiequami'
732 579 792 643 ‘sic
809 578 882 643 fatis
899 578 1022 663 placet!

239 669 327 734 ‘nolo
344 669 498 746 irascaris,
515 671 614 737 libere
632 672 659 736 si
676 672 800 737 dixero:

187 767 221 822 15
238 762 286 828 dis
304 773 351 828 est
366 762 455 829 iratis
472 776 575 844 natus,
594 766 648 849 qui
667 766 840 830 estsimilis
858 766 935 831 tibi.⁷

280 857 437 924 Abiturus
454 859 540 937 illuc,
557 881 620 944 quo
637 860 757 945 priores
776 860 931 938 abierunt,

237 953 312 1036 quid
329 965 435 1018 mento
452 976 547 1020 caeca
563 954 713 1019 miserum
730 965 857 1038 torques
877 955 1038 1040 spiritum?

237 1047 295 1111 tibi
312 1048 392 1127 dico,
411 1070 515 1127 avare,
533 1050 687 1135 gaudium
703 1049 828 1114 heredis
845 1050 902 1128 tui,

237 1141 292 1225 qui
309 1153 378 1207 ture
396 1165 537 1228 superos,
555 1143 659 1229 ipsum
676 1155 709 1208 te
725 1143 854 1208 fraudas
873 1144 953 1221 cibo,

187 1248 221 1302 20
238 1236 293 1321 qui
310 1237 406 1301 tristis
425 1238 515 1302 audis
532 1238 690 1303 musicum
707 1238 845 1303 citharae
863 1259 986 1316 sonum,

144 1404 146 1415 ,
238 1353 333 1414 quem
350 1331 498 1397 tibiarum
515 1344 654 1398 macerat
670 1332 859 1409 iucunditas,

142 1421 144 1428 ’
237 1425 440 1490 obsoniorum
456 1426 558 1511 pretia
575 1426 626 1491 cui
643 1426 797 1512 gemitum
814 1425 1001 1511 exprimunt,

236 1520 300 1602 quI,
319 1520 395 1584 dum
412 1521 603 1602 quadrantes
621 1542 754 1606 aggeras
772 1520 969 1605 patrimonio,

237 1613 361 1679 caelum
378 1614 493 1699 fatigas
512 1614 637 1679 sordido
654 1613 801 1699 periuri0,

186 1728 220 1782 25
237 1709 291 1791 qui
310 1708 507 1773 circumcidis
525 1730 650 1773 omnem
667 1709 842 1793 impensam
859 1707 989 1785 funeris,

236 1801 379 1867 Libitina
396 1802 532 1887 nequid
549 1803 589 1869 de
607 1814 662 1867 tuo
679 1802 775 1869 faciat
792 1801 880 1867 lucri.

540 2074 641 2142 XXI.
684 2074 944 2144 PHAuDRVS.

279 2220 366 2302 Quid
382 2221 522 2288 iudicare
539 2223 656 2307 cogitet
672 2223 752 2287 livor
769 2223 874 2298 modo,

135 2386 138 2391 .
236 2317 310 2382 licet
327 2316 511 2394 dissimulet,
529 2317 660 2402 pulchre
678 2327 784 2381 tamen
801 2317 957 2401 intellego.

236 2409 386 2493 quioquid
404 2410 529 2495 putabit
548 2432 615 2474 esse
634 2410 766 2495 dignum
783 2409 943 2487 memoria,

236 2503 358 2589 Aesopi
376 2505 472 2581 dIcet3
491 2504 518 2568 si
535 2504 612 2588 quid
627 2504 733 2568 minus
751 2503 903 2580 adriserit,

203 2609 220 2662 5
237 2621 255 2661 a
272 2621 324 2662 me
341 2598 507 2663 contendet
524 2599 633 2664 fictum
650 2599 761 2681 quovis
779 2598 920 2684 pignore.
1017 2624 1021 2630 ·

237 2714 331 2776 quem
348 2694 420 2757 volo
436 2692 539 2758 refelli
556 2693 620 2757 iam
637 2716 721 2756 nuno
739 2714 889 2778 responso
906 2713 991 2756 meo:

236 2786 302 2852 sive
320 2788 380 2851 hoc
397 2786 538 2872 ineptum
556 2787 622 2851 sive
639 2786 833 2851 laudandum
852 2796 899 2850 est
915 2808 1005 2871 opus,

235 2880 355 2946 invenit
372 2881 434 2958 ille,
452 2892 559 2946 nostra
576 2880 709 2966 perfecit
725 2904 847 2946 manus.

237 2975 292 3039 sed
311 2997 520 3058 exsequamur
537 2986 684 3060 coeptum
701 2975 852 3060 propositi
869 2974 1020 3040 ordinem.

497 3247 614 3313 XXII.
658 3247 722 3313 DE
745 3245 983 3314 SIMONIDE.

277 3401 383 3467 Homo
400 3401 512 3467 doctus
529 3402 563 3466 in
580 3425 614 3468 se
631 3425 754 3488 semper
771 3403 895 3468 divitias
914 3402 1018 3467 habet.

278 3495 467 3572 Simonides,
487 3497 541 3580 qui
559 3497 682 3581 scripsit
700 3498 862 3583 egregium
879 3496 988 3573 melos,

235 3611 298 3673 quo
315 3600 534 3674 paupertatem
551 3591 718 3656 sustineret
733 3591 868 3666 facilius,

235 3684 352 3748 circum
370 3684 416 3749 ire
434 3685 536 3770 coepit
553 3685 647 3750 urbes
664 3685 763 3751 Asiae
780 3685 911 3761 nobiles,

200 3791 217 3844 5
234 3777 378 3842 mercede
397 3789 526 3864 accepta
543 3778 669 3843 laudem
687 3779 841 3844 victorum
859 3800 983 3841 canens.

233 3872 293 3935 hoc
310 3894 427 3956 genere
445 3885 593 3956 quaestus
612 3883 780 3958 postquam
797 3873 937 3956 locuples
954 3872 1057 3936 factus
1075 3881 1132 3949 est,

234 3964 336 4029 redIre
353 3964 386 4027 in
404 3966 538 4050 patriam
555 3965 655 4031 voluit
673 3989 767 4030 cursu
784 3965 923 4051 pelag103

145 4067 433 4244 ΝΜ,
451 4070 487 4124 ut
504 4059 602 4135 aiunt,
620 4069 713 4123 natus
730 4059 762 4123 in
782 4056 842 4123 Cia
858 4058 970 4125 insula.
