2580 4506
94 217 97 221 ’
207 229 249 294 24
498 243 672 300 russum
689 224 929 302 rmvumvu

208 367 294 432 venit
311 389 384 432 eece
403 366 491 432 dives
510 378 541 431 et
558 378 683 452 potens:
706 368 780 432 huic
797 368 939 432 similiter

207 462 347 546 impinge
365 462 512 548 lapidem,
531 472 563 526 et
581 461 710 546 dignum
730 462 864 547 accipies
882 461 1077 548 praemium?

206 578 376 641 persuasus
394 556 446 620 ille
464 555 548 632 fecit,
567 555 653 638 quod
671 557 807 621 monitus
825 556 899 632 fuit3

208 651 264 714 sed
281 671 353 734 spes
370 649 482 714 fefellit
500 650 715 734 impudentem
733 650 912 714 audaciam:

157 758 191 813 10
208 765 411 829 comprensus
429 765 566 827 namque
582 765 700 829 poenas
718 745 869 829 persolvit
888 765 989 808 cruce.

455 1015 514 1084 VI.
557 1014 720 1082 MVSOA
740 1016 801 1082 ΕΤ
822 1018 967 1084 MVLA.

249 1171 365 1235 Musca
381 1170 414 1234 in
432 1179 557 1235 temone
574 1170 654 1235 sedit
673 1182 704 1236 et
722 1171 840 1235 mulam
858 1172 1022 1256 increpans

208 1270 318 1348 ‘quam
336 1264 426 1328 tarda
444 1264 507 1328 esl'
525 1264 636 1347 inquit,
655 1270 734 1329 ‘non
750 1265 797 1328 vis
816 1265 907 1329 citius
925 1266 1090 1352 progredi?

206 1358 280 1422 vide
296 1381 337 1422 ne
355 1358 467 1422 dolone
485 1359 601 1423 collum
619 1380 830 1445 compungam
848 1359 925 1424 tibi!

205 1453 367 1538 respondit
384 1452 452 1516 illa:
480 1453 598 1517 ‘verbis
615 1474 679 1517 non
696 1464 826 1518 moveor
843 1455 919 1530 tuis3

172 1563 189 1618 5
206 1548 262 1612 sed
279 1548 374 1611 istum
392 1546 497 1623 timeo,
517 1546 595 1612 sella
613 1548 668 1631 qui
686 1547 787 1632 prima
805 1549 917 1612 sedens

206 1650 331 1727 tergum
349 1641 473 1725 flagello
491 1652 645 1726 temperat
662 1641 747 1705 lento
763 1663 871 1706 meum

207 1746 238 1800 et
256 1756 310 1799 ora
328 1735 425 1799 frenis
443 1735 581 1799 continet
598 1736 827 1819 spumantibus.

206 1841 398 1914 quapropter
415 1830 505 1893 aufer
522 1829 666 1894 frivolam
684 1830 896 1912 insolentiam

206 1946 342 2007 namque
359 1923 415 1987 ubi
433 1923 610 1988 tricandum
628 1934 659 1988 et
677 1924 731 1987 ubi
750 1925 938 1988 currendum
955 1923 996 1988 sit
1013 1921 1097 1988 seio?

155 2036 189 2090 10
247 2020 320 2082 Hac
338 2017 471 2082 derideri
489 2017 598 2083 fabula
615 2019 725 2081 merito
743 2028 856 2102 potest,

207 2113 262 2198 qui
280 2112 347 2177 sine
364 2112 480 2176 virtute
498 2134 597 2176 vanas
614 2122 739 2177 exercet
755 2112 866 2177 minas.

432 2376 510 2444 VH.
554 2374 705 2443 LVPVS
729 2375 793 2440 AD
817 2373 990 2442 GANEM.

250 2531 356 2612 Quam
375 2531 474 2595 dulcis
493 2530 533 2595 sit
550 2530 689 2608 libertas,
706 2531 843 2595 breviter
859 2531 1037 2615 proloquar.

249 2624 332 2691 Cani
347 2635 495 2712 perpasto
512 2625 613 2690 macie
631 2625 793 2690 confectus
810 2627 905 2710 lupus

205 2722 286 2786 forte
305 2719 490 2784 occucurrit.
535 2719 608 2784 dein
625 2721 795 2783 salutatum
811 2720 948 2783 invicem

205 2828 240 2879 ut
257 2814 451 2879 restiterunt:
480 2814 579 2877 ‘uude
597 2813 653 2890 sic,
671 2834 799 2895 quaeso,
817 2813 916 2877 nites?

171 2928 188 2983 5
206 2920 261 2973 aut
277 2929 340 2993 quo
359 2906 430 2973 cibo
448 2906 550 2972 fecisti
567 2916 690 2970 tantum
708 2908 865 2991 corporis?

205 3025 276 3088 ego,
294 3002 349 3084 qui
366 3024 437 3066 sum
453 3002 548 3086 longe
566 3000 685 3078 fortior,
704 3023 799 3085 pereo
817 3001 920 3065 fame?

205 3097 291 3162 canis
311 3096 507 3182 simpliciter:
528 3095 652 3159 ‘eadem
670 3106 717 3159 est
736 3095 877 3159 condicio
895 3095 962 3170 tibi,

204 3201 364 3278 praestare
382 3189 508 3254 domino
527 3189 554 3252 si
570 3212 628 3274 par
645 3188 785 3253 officium
802 3189 911 3273 potcs'

206 3285 337 3370 ‘quodi'
356 3284 458 3367 inquit
474 3283 536 3348 ille.
582 3289 701 3347 ‘custos
719 3293 754 3346 ut
772 3282 813 3346 sis
831 3283 957 3359 liminis,

155 3398 188 3452 10
206 3405 225 3446 a
243 3379 367 3444 furibus
385 3378 501 3442 tuearis
520 3388 552 3441 et
568 3388 664 3440 noctu
682 3377 831 3440 domum!

206 3482 281 3560 ‘ego
298 3495 373 3538 vero
392 3495 462 3537 sum
480 3482 622 3558 paratus:
644 3494 729 3536 nunc
745 3472 848 3556 patior
865 3471 954 3535 nives

204 3570 384 3651 imbresque
401 3567 434 3631 in
453 3567 539 3631 silvis
557 3589 700 3651 asperam
719 3567 816 3630 vitam
833 3566 974 3630 trahens:

205 3674 323 3748 quanto
342 3673 389 3726 est
405 3661 528 3726 facilius
546 3660 622 3724 mihi
640 3661 699 3724 sub
719 3672 800 3726 tecto
818 3661 924 3725 vivere

205 3769 237 3823 et
255 3757 390 3821 otiosum
407 3756 496 3840 largo
514 3756 620 3819 satiari
638 3754 737 3819 cibo!'

154 3867 188 3922 15
205 3852 292 3916 ‘veni
311 3872 386 3937 ergo
404 3849 557 3915 mecuml'
585 3850 660 3913 dum
678 3849 862 3934 procedunt,
881 3846 993 3933 aspicit

203 3947 297 4031 lupus
315 3969 334 4010 a
351 3955 462 4009 catena
479 3944 594 4008 collum
612 3944 760 4009 detritum
779 3942 874 4008 canis.

206 4039 303 4107 ‘unde
322 4038 392 4116 hoc,
411 4038 544 4104 amioel'
567 4038 659 4103 ‘nihil
677 4038 744 4106 est'
779 4037 855 4114 ‘dic‚
875 4057 1002 4119 quaeso,
1021 4034 1154 4101 tamenl'
