<?xml version="1.0" encoding="UTF-8"?>
<!DOCTYPE html PUBLIC "-//W3C//DTD XHTML 1.0 Transitional//EN"
    "http://www.w3.org/TR/xhtml1/DTD/xhtml1-transitional.dtd">
<html xmlns="http://www.w3.org/1999/xhtml" xml:lang="en" lang="en">
 <head>
  <title>
</title>
<meta http-equiv="Content-Type" content="text/html;charset=utf-8" />
  <meta name='ocr-system' content='tesseract 3.04.00' />
  <meta name='ocr-capabilities' content='ocr_page ocr_carea ocr_par ocr_line ocrx_word'/>
</head>
<body>
  <div class='ocr_page' id='page_1' title='image "./phaedriaugustil03phaegoog_0024.png"; bbox 0 0 2580 4506; ppageno 0'>
   <div class='ocr_carea' id='block_1_1' title="bbox 495 305 649 366">
    <p class='ocr_par' dir='ltr' id='par_1_1' title="bbox 495 305 649 366">
     <span class='ocr_line' id='line_1_1' title="bbox 495 305 649 366; baseline -0.013 -1"><span class='ocrx_word' id='word_1_1' title='bbox 495 305 610 365; x_wconf 82' lang='lat' dir='ltr'>LIBER</span> <span class='ocrx_word' id='word_1_2' title='bbox 625 305 649 366; x_wconf 90' lang='lat'>1.</span> 
     </span>
    </p>
   </div>
   <div class='ocr_carea' id='block_1_2' title="bbox 58 428 845 1929">
    <p class='ocr_par' dir='ltr' id='par_1_2' title="bbox 60 428 734 510">
     <span class='ocr_line' id='line_1_2' title="bbox 60 428 734 510; baseline 0 -11"><span class='ocrx_word' id='word_1_3' title='bbox 60 443 96 500; x_wconf 91' lang='lat' dir='ltr'>et</span> <span class='ocrx_word' id='word_1_4' title='bbox 114 428 290 498; x_wconf 83' lang='lat' dir='ltr'>venditaret</span> <span class='ocrx_word' id='word_1_5' title='bbox 307 432 386 497; x_wconf 87' lang='lat' dir='ltr'>falso</span> <span class='ocrx_word' id='word_1_6' title='bbox 405 433 580 498; x_wconf 84' lang='lat' dir='ltr'>antidotum</span> <span class='ocrx_word' id='word_1_7' title='bbox 598 432 734 510; x_wconf 90' lang='lat' dir='ltr'>nomine,</span> 
     </span>
    </p>

    <p class='ocr_par' dir='ltr' id='par_1_3' title="bbox 60 526 769 612">
     <span class='ocr_line' id='line_1_3' title="bbox 60 526 769 612; baseline 0.001 -22"><span class='ocrx_word' id='word_1_8' title='bbox 60 527 205 591; x_wconf 82' lang='lat' dir='ltr'>verbosis</span> <span class='ocrx_word' id='word_1_9' title='bbox 224 526 392 610; x_wconf 79' lang='lat' dir='ltr'>adquisivit</span> <span class='ocrx_word' id='word_1_10' title='bbox 411 527 470 592; x_wconf 82' lang='lat' dir='ltr'>sibi</span> <span class='ocrx_word' id='word_1_11' title='bbox 488 528 606 591; x_wconf 84' lang='lat' dir='ltr'>famam</span> <span class='ocrx_word' id='word_1_12' title='bbox 624 527 769 612; x_wconf 90' lang='lat' dir='ltr'>strophis.</span> 
     </span>
    </p>

    <p class='ocr_par' dir='ltr' id='par_1_4' title="bbox 59 620 755 707">
     <span class='ocr_line' id='line_1_4' title="bbox 59 620 755 707; baseline 0 -23"><span class='ocrx_word' id='word_1_13' title='bbox 59 620 116 686; x_wconf 89' lang='lat' dir='ltr'>bic</span> <span class='ocrx_word' id='word_1_14' title='bbox 135 643 206 685; x_wconf 91' lang='lat' dir='ltr'>cum</span> <span class='ocrx_word' id='word_1_15' title='bbox 224 621 339 686; x_wconf 88' lang='lat' dir='ltr'>iaceret</span> <span class='ocrx_word' id='word_1_16' title='bbox 356 621 466 685; x_wconf 90' lang='lat' dir='ltr'>morbo</span> <span class='ocrx_word' id='word_1_17' title='bbox 486 622 647 686; x_wconf 86' lang='lat' dir='ltr'>confectus</span> <span class='ocrx_word' id='word_1_18' title='bbox 664 621 755 707; x_wconf 85' lang='lat' dir='ltr'>gravi</span> 
     </span>
    </p>

    <p class='ocr_par' dir='ltr' id='par_1_5' title="bbox 60 715 641 801">
     <span class='ocr_line' id='line_1_5' title="bbox 60 715 641 801; baseline -0.002 -22"><span class='ocrx_word' id='word_1_19' title='bbox 60 736 122 779; x_wconf 88' lang='lat' dir='ltr'>rex</span> <span class='ocrx_word' id='word_1_20' title='bbox 139 715 236 792; x_wconf 90' lang='lat' dir='ltr'>urbis,</span> <span class='ocrx_word' id='word_1_21' title='bbox 255 715 322 779; x_wconf 90' lang='lat' dir='ltr'>eius</span> <span class='ocrx_word' id='word_1_22' title='bbox 340 715 522 801; x_wconf 89' lang='lat' dir='ltr'>experiendi</span> <span class='ocrx_word' id='word_1_23' title='bbox 539 715 641 801; x_wconf 84' lang='lat' dir='ltr'>gratia</span> 
     </span>
    </p>

    <p class='ocr_par' dir='ltr' id='par_1_6' title="bbox 60 808 845 895">
     <span class='ocr_line' id='line_1_6' title="bbox 60 808 845 895; baseline 0 -23"><span class='ocrx_word' id='word_1_24' title='bbox 60 808 220 893; x_wconf 82' lang='lat' dir='ltr'><strong>scyphum</strong></span> <span class='ocrx_word' id='word_1_25' title='bbox 237 808 394 895; x_wconf 79' lang='lat' dir='ltr'>poposcit:</span> <span class='ocrx_word' id='word_1_26' title='bbox 413 809 485 874; x_wconf 87' lang='lat' dir='ltr'>fusa</span> <span class='ocrx_word' id='word_1_27' title='bbox 503 810 576 874; x_wconf 89' lang='lat' dir='ltr'>dein</span> <span class='ocrx_word' id='word_1_28' title='bbox 593 810 744 874; x_wconf 89' lang='lat' dir='ltr'>simulans</span> <span class='ocrx_word' id='word_1_29' title='bbox 762 830 845 892; x_wconf 90' lang='lat' dir='ltr'>aqua</span> 
     </span>
    </p>

    <p class='ocr_par' dir='ltr' id='par_1_7' title="bbox 60 902 676 980">
     <span class='ocr_line' id='line_1_7' title="bbox 60 902 676 980; baseline 0.002 -15"><span class='ocrx_word' id='word_1_30' title='bbox 60 902 206 966; x_wconf 87' lang='lat' dir='ltr'>antidoto</span> <span class='ocrx_word' id='word_1_31' title='bbox 223 903 306 967; x_wconf 92' lang='lat' dir='ltr'>illius</span> <span class='ocrx_word' id='word_1_32' title='bbox 325 925 358 968; x_wconf 95' lang='lat' dir='ltr'>se</span> <span class='ocrx_word' id='word_1_33' title='bbox 377 902 508 968; x_wconf 89' lang='lat' dir='ltr'>miscere</span> <span class='ocrx_word' id='word_1_34' title='bbox 526 903 676 980; x_wconf 89' lang='lat' dir='ltr'>toxicum,</span> 
     </span>
    </p>

    <p class='ocr_par' dir='ltr' id='par_1_8' title="bbox 60 996 707 1083">
     <span class='ocr_line' id='line_1_8' title="bbox 60 996 707 1083; baseline 0 -23"><span class='ocrx_word' id='word_1_35' title='bbox 60 996 192 1062; x_wconf 83' lang='lat' dir='ltr'>ebibere</span> <span class='ocrx_word' id='word_1_36' title='bbox 209 996 300 1062; x_wconf 89' lang='lat' dir='ltr'>iussit</span> <span class='ocrx_word' id='word_1_37' title='bbox 317 997 421 1082; x_wconf 89' lang='lat' dir='ltr'>ipsum</span> <span class='ocrx_word' id='word_1_38' title='bbox 437 997 540 1083; x_wconf 90' lang='lat' dir='ltr'>posito</span> <span class='ocrx_word' id='word_1_39' title='bbox 557 997 707 1083; x_wconf 85' lang='lat' dir='ltr'>praemio.</span> 
     </span>
    </p>

    <p class='ocr_par' dir='ltr' id='par_1_9' title="bbox 59 1090 717 1166">
     <span class='ocr_line' id='line_1_9' title="bbox 59 1090 717 1166; baseline 0.002 -13"><span class='ocrx_word' id='word_1_40' title='bbox 59 1090 177 1156; x_wconf 88' lang='lat' dir='ltr'>timore</span> <span class='ocrx_word' id='word_1_41' title='bbox 194 1090 303 1155; x_wconf 88' lang='lat' dir='ltr'>mortis</span> <span class='ocrx_word' id='word_1_42' title='bbox 319 1091 373 1156; x_wconf 86' lang='lat' dir='ltr'>ille</span> <span class='ocrx_word' id='word_1_43' title='bbox 390 1102 458 1155; x_wconf 90' lang='lat' dir='ltr'>tum</span> <span class='ocrx_word' id='word_1_44' title='bbox 476 1091 640 1156; x_wconf 84' lang='lat' dir='ltr'>confessus</span> <span class='ocrx_word' id='word_1_45' title='bbox 658 1101 717 1166; x_wconf 88' lang='lat' dir='ltr'>est,</span> 
     </span>
    </p>

    <p class='ocr_par' dir='ltr' id='par_1_10' title="bbox 58 1185 709 1271">
     <span class='ocr_line' id='line_1_10' title="bbox 58 1185 709 1271; baseline 0 -23"><span class='ocrx_word' id='word_1_46' title='bbox 58 1205 130 1248; x_wconf 92' lang='lat' dir='ltr'>non</span> <span class='ocrx_word' id='word_1_47' title='bbox 147 1185 222 1249; x_wconf 89' lang='lat' dir='ltr'>artis</span> <span class='ocrx_word' id='word_1_48' title='bbox 239 1185 305 1249; x_wconf 87' lang='lat' dir='ltr'>ulla</span> <span class='ocrx_word' id='word_1_49' title='bbox 321 1185 463 1250; x_wconf 88' lang='lat' dir='ltr'>medicae</span> <span class='ocrx_word' id='word_1_50' title='bbox 481 1208 514 1250; x_wconf 90' lang='lat' dir='ltr'>se</span> <span class='ocrx_word' id='word_1_51' title='bbox 532 1185 709 1271; x_wconf 89' lang='lat' dir='ltr'>pmdentia‚</span> 
     </span>
    </p>

    <p class='ocr_par' dir='ltr' id='par_1_11' title="bbox 60 1278 730 1365">
     <span class='ocr_line' id='line_1_11' title="bbox 60 1278 730 1365; baseline -0.001 -23"><span class='ocrx_word' id='word_1_52' title='bbox 60 1300 176 1342; x_wconf 89' lang='lat' dir='ltr'>verum</span> <span class='ocrx_word' id='word_1_53' title='bbox 194 1290 321 1364; x_wconf 87' lang='lat' dir='ltr'>stupore</span> <span class='ocrx_word' id='word_1_54' title='bbox 339 1279 427 1365; x_wconf 81' lang='lat' dir='ltr'>vulgi</span> <span class='ocrx_word' id='word_1_55' title='bbox 445 1280 566 1344; x_wconf 85' lang='lat' dir='ltr'>factum</span> <span class='ocrx_word' id='word_1_56' title='bbox 581 1278 730 1343; x_wconf 90' lang='lat' dir='ltr'>nobilem.</span> 
     </span>
    </p>

    <p class='ocr_par' dir='ltr' id='par_1_12' title="bbox 60 1372 679 1438">
     <span class='ocr_line' id='line_1_12' title="bbox 60 1372 679 1438; baseline -0.003 -2"><span class='ocrx_word' id='word_1_57' title='bbox 60 1394 122 1437; x_wconf 91' lang='lat' dir='ltr'>rex</span> <span class='ocrx_word' id='word_1_58' title='bbox 139 1372 292 1438; x_wconf 87' lang='lat' dir='ltr'>advocata</span> <span class='ocrx_word' id='word_1_59' title='bbox 310 1373 453 1438; x_wconf 89' lang='lat' dir='ltr'>contione</span> <span class='ocrx_word' id='word_1_60' title='bbox 471 1373 550 1438; x_wconf 89' lang='lat' dir='ltr'>haec</span> <span class='ocrx_word' id='word_1_61' title='bbox 568 1372 679 1438; x_wconf 88' lang='lat' dir='ltr'>edidit:</span> 
     </span>
    </p>

    <p class='ocr_par' dir='ltr' id='par_1_13' title="bbox 61 1466 718 1553">
     <span class='ocr_line' id='line_1_13' title="bbox 61 1466 718 1553; baseline 0 -23"><span class='ocrx_word' id='word_1_62' title='bbox 61 1472 218 1549; x_wconf 86' lang='lat' dir='ltr'>‘quantae</span> <span class='ocrx_word' id='word_1_63' title='bbox 234 1466 351 1553; x_wconf 90' lang='lat' dir='ltr'>putatis</span> <span class='ocrx_word' id='word_1_64' title='bbox 369 1489 438 1533; x_wconf 88' lang='lat' dir='ltr'>esse</span> <span class='ocrx_word' id='word_1_65' title='bbox 457 1489 513 1532; x_wconf 93' lang='lat' dir='ltr'>vos</span> <span class='ocrx_word' id='word_1_66' title='bbox 531 1466 718 1542; x_wconf 86' lang='lat' dir='ltr'>dementiae,</span> 
     </span>
    </p>

    <p class='ocr_par' dir='ltr' id='par_1_14' title="bbox 60 1560 769 1645">
     <span class='ocr_line' id='line_1_14' title="bbox 60 1560 769 1645; baseline 0 -21"><span class='ocrx_word' id='word_1_67' title='bbox 60 1560 121 1643; x_wconf 94' lang='lat' dir='ltr'>qui</span> <span class='ocrx_word' id='word_1_68' title='bbox 139 1560 242 1645; x_wconf 84' lang='lat' dir='ltr'>capita</span> <span class='ocrx_word' id='word_1_69' title='bbox 259 1573 364 1626; x_wconf 87' lang='lat' dir='ltr'>vestra</span> <span class='ocrx_word' id='word_1_70' title='bbox 381 1583 444 1625; x_wconf 94' lang='lat' dir='ltr'>non</span> <span class='ocrx_word' id='word_1_71' title='bbox 462 1561 613 1625; x_wconf 89' lang='lat' dir='ltr'>dubitatis</span> <span class='ocrx_word' id='word_1_72' title='bbox 632 1561 769 1636; x_wconf 90' lang='lat' dir='ltr'>credere,</span> 
     </span>
    </p>

    <p class='ocr_par' dir='ltr' id='par_1_15' title="bbox 61 1653 757 1835">
     <span class='ocr_line' id='line_1_15' title="bbox 61 1653 751 1739; baseline -0.003 -21"><span class='ocrx_word' id='word_1_73' title='bbox 61 1653 116 1718; x_wconf 89' lang='lat' dir='ltr'>cui</span> <span class='ocrx_word' id='word_1_74' title='bbox 135 1654 320 1720; x_wconf 80' lang='lat' dir='ltr'>calceandos</span> <span class='ocrx_word' id='word_1_75' title='bbox 338 1677 430 1721; x_wconf 92' lang='lat' dir='ltr'>nemo</span> <span class='ocrx_word' id='word_1_76' title='bbox 449 1655 604 1720; x_wconf 80' lang='lat' dir='ltr'>commisit</span> <span class='ocrx_word' id='word_1_77' title='bbox 621 1653 751 1739; x_wconf 84' lang='lat' dir='ltr'>pedes?’</span> 
     </span>
     <span class='ocr_line' id='line_1_16' title="bbox 107 1748 757 1835; baseline -0.003 -23"><span class='ocrx_word' id='word_1_78' title='bbox 107 1749 181 1813; x_wconf 92' lang='lat' dir='ltr'>Hoc</span> <span class='ocrx_word' id='word_1_79' title='bbox 198 1749 354 1835; x_wconf 90' lang='lat' dir='ltr'>pertinere</span> <span class='ocrx_word' id='word_1_80' title='bbox 372 1772 446 1814; x_wconf 92' lang='lat' dir='ltr'>vere</span> <span class='ocrx_word' id='word_1_81' title='bbox 466 1749 507 1813; x_wconf 87' lang='lat' dir='ltr'>ad</span> <span class='ocrx_word' id='word_1_82' title='bbox 523 1749 594 1814; x_wconf 93' lang='lat' dir='ltr'>illos</span> <span class='ocrx_word' id='word_1_83' title='bbox 612 1748 757 1824; x_wconf 85' lang='lat' dir='ltr'>dixerim,</span> 
     </span>
    </p>

    <p class='ocr_par' dir='ltr' id='par_1_16' title="bbox 60 1841 828 1929">
     <span class='ocr_line' id='line_1_17' title="bbox 60 1841 828 1929; baseline -0.003 -22"><span class='ocrx_word' id='word_1_84' title='bbox 60 1862 201 1927; x_wconf 87' lang='lat' dir='ltr'>quorum</span> <span class='ocrx_word' id='word_1_85' title='bbox 219 1843 351 1908; x_wconf 87' lang='lat' dir='ltr'>stultitia</span> <span class='ocrx_word' id='word_1_86' title='bbox 368 1856 518 1927; x_wconf 86' lang='lat' dir='ltr'>quaestus</span> <span class='ocrx_word' id='word_1_87' title='bbox 536 1841 752 1929; x_wconf 87' lang='lat' dir='ltr'>impudentiae</span> <span class='ocrx_word' id='word_1_88' title='bbox 771 1851 828 1906; x_wconf 90' lang='lat' dir='ltr'>est.</span> 
     </span>
    </p>
   </div>
   <div class='ocr_carea' id='block_1_3' title="bbox 150 2095 999 2169">
    <p class='ocr_par' dir='ltr' id='par_1_17' title="bbox 150 2095 999 2169">
     <span class='ocr_line' id='line_1_18' title="bbox 150 2095 999 2169; baseline -0.004 -5"><span class='ocrx_word' id='word_1_89' title='bbox 150 2097 228 2166; x_wconf 89' lang='lat' dir='ltr'>XV.</span> <span class='ocrx_word' id='word_1_90' title='bbox 272 2098 413 2169; x_wconf 89' lang='lat' dir='ltr'>ASINV</span> <span class='ocrx_word' id='word_1_91' title='bbox 416 2097 440 2165; x_wconf 89' lang='lat' dir='ltr'>S</span> <span class='ocrx_word' id='word_1_92' title='bbox 462 2097 529 2163; x_wconf 84' lang='lat' dir='ltr'>AD</span> <span class='ocrx_word' id='word_1_93' title='bbox 554 2097 711 2165; x_wconf 81' lang='lat' dir='ltr'>SENEM</span> <span class='ocrx_word' id='word_1_94' title='bbox 733 2095 999 2164; x_wconf 82' lang='lat' dir='ltr'><strong>PASTOREM.</strong></span> 
     </span>
    </p>
   </div>
   <div class='ocr_carea' id='block_1_4' title="bbox 61 2261 856 3196">
    <p class='ocr_par' dir='ltr' id='par_1_18' title="bbox 61 2261 856 3196">
     <span class='ocr_line' id='line_1_19' title="bbox 108 2261 729 2349; baseline 0.002 -23"><span class='ocrx_word' id='word_1_95' title='bbox 108 2261 149 2326; x_wconf 79' lang='lat' dir='ltr'>ln</span> <span class='ocrx_word' id='word_1_96' title='bbox 166 2262 343 2349; x_wconf 87' lang='lat' dir='ltr'>principatu</span> <span class='ocrx_word' id='word_1_97' title='bbox 362 2261 585 2328; x_wconf 89' lang='lat' dir='ltr'>commutando</span> <span class='ocrx_word' id='word_1_98' title='bbox 604 2263 729 2348; x_wconf 88' lang='lat' dir='ltr'>saepius</span> 
     </span>
     <span class='ocr_line' id='line_1_20' title="bbox 61 2356 844 2442; baseline -0.003 -20"><span class='ocrx_word' id='word_1_99' title='bbox 61 2356 110 2422; x_wconf 92' lang='lat' dir='ltr'>nil</span> <span class='ocrx_word' id='word_1_100' title='bbox 128 2369 252 2441; x_wconf 87' lang='lat' dir='ltr'>praeter</span> <span class='ocrx_word' id='word_1_101' title='bbox 270 2357 387 2420; x_wconf 91' lang='lat' dir='ltr'>domini</span> <span class='ocrx_word' id='word_1_102' title='bbox 404 2379 521 2421; x_wconf 92' lang='lat' dir='ltr'>nomen</span> <span class='ocrx_word' id='word_1_103' title='bbox 538 2368 661 2421; x_wconf 88' lang='lat' dir='ltr'>mutant</span> <span class='ocrx_word' id='word_1_104' title='bbox 677 2378 844 2442; x_wconf 87' lang='lat' dir='ltr'>pauperes.</span> 
     </span>
     <span class='ocr_line' id='line_1_21' title="bbox 61 2450 805 2535; baseline -0.003 -19"><span class='ocrx_word' id='word_1_105' title='bbox 61 2451 98 2516; x_wconf 94' lang='lat' dir='ltr'>id</span> <span class='ocrx_word' id='word_1_106' title='bbox 117 2473 185 2516; x_wconf 90' lang='lat' dir='ltr'>esse</span> <span class='ocrx_word' id='word_1_107' title='bbox 203 2473 313 2515; x_wconf 89' lang='lat' dir='ltr'>verum</span> <span class='ocrx_word' id='word_1_108' title='bbox 330 2473 429 2535; x_wconf 89' lang='lat' dir='ltr'>parva</span> <span class='ocrx_word' id='word_1_109' title='bbox 446 2450 525 2516; x_wconf 86' lang='lat' dir='ltr'>haec</span> <span class='ocrx_word' id='word_1_110' title='bbox 543 2451 661 2516; x_wconf 88' lang='lat' dir='ltr'>fabella</span> <span class='ocrx_word' id='word_1_111' title='bbox 678 2451 805 2514; x_wconf 90' lang='lat' dir='ltr'>indicat.</span> 
     </span>
     <span class='ocr_line' id='line_1_22' title="bbox 108 2544 856 2630; baseline -0.001 -22"><span class='ocrx_word' id='word_1_112' title='bbox 108 2545 256 2609; x_wconf 89' lang='lat' dir='ltr'>Asellum</span> <span class='ocrx_word' id='word_1_113' title='bbox 272 2544 305 2609; x_wconf 92' lang='lat' dir='ltr'>in</span> <span class='ocrx_word' id='word_1_114' title='bbox 322 2557 413 2630; x_wconf 90' lang='lat' dir='ltr'>prato</span> <span class='ocrx_word' id='word_1_115' title='bbox 435 2545 562 2609; x_wconf 90' lang='lat' dir='ltr'>timidus</span> <span class='ocrx_word' id='word_1_116' title='bbox 580 2545 731 2630; x_wconf 88' lang='lat' dir='ltr'>pascebat</span> <span class='ocrx_word' id='word_1_117' title='bbox 748 2567 856 2610; x_wconf 89' lang='lat' dir='ltr'>senex.</span> 
     </span>
     <span class='ocr_line' id='line_1_23' title="bbox 61 2638 670 2704; baseline -0.003 0"><span class='ocrx_word' id='word_1_118' title='bbox 61 2639 93 2704; x_wconf 90' lang='lat' dir='ltr'>is</span> <span class='ocrx_word' id='word_1_119' title='bbox 111 2638 248 2703; x_wconf 90' lang='lat' dir='ltr'>hostium</span> <span class='ocrx_word' id='word_1_120' title='bbox 267 2640 403 2704; x_wconf 87' lang='lat' dir='ltr'>clamore</span> <span class='ocrx_word' id='word_1_121' title='bbox 421 2638 525 2704; x_wconf 91' lang='lat' dir='ltr'>subito</span> <span class='ocrx_word' id='word_1_122' title='bbox 543 2639 670 2704; x_wconf 88' lang='lat' dir='ltr'>territus</span> 
     </span>
     <span class='ocr_line' id='line_1_24' title="bbox 62 2732 769 2819; baseline -0.001 -20"><span class='ocrx_word' id='word_1_123' title='bbox 62 2733 220 2799; x_wconf 86' lang='lat' dir='ltr'>suadebat</span> <span class='ocrx_word' id='word_1_124' title='bbox 238 2734 326 2798; x_wconf 90' lang='lat' dir='ltr'>asino</span> <span class='ocrx_word' id='word_1_125' title='bbox 344 2733 465 2818; x_wconf 81' lang='lat' dir='ltr'>fugere,</span> <span class='ocrx_word' id='word_1_126' title='bbox 483 2755 524 2799; x_wconf 93' lang='lat' dir='ltr'>ne</span> <span class='ocrx_word' id='word_1_127' title='bbox 541 2744 671 2819; x_wconf 87' lang='lat' dir='ltr'>possent</span> <span class='ocrx_word' id='word_1_128' title='bbox 689 2732 769 2819; x_wconf 91' lang='lat' dir='ltr'>capi.</span> 
     </span>
     <span class='ocr_line' id='line_1_25' title="bbox 63 2826 771 2910; baseline -0.004 -17"><span class='ocrx_word' id='word_1_129' title='bbox 63 2826 167 2893; x_wconf 85' lang='lat' dir='ltr'>atille</span> <span class='ocrx_word' id='word_1_130' title='bbox 185 2828 303 2892; x_wconf 90' lang='lat' dir='ltr'>lentus:</span> <span class='ocrx_word' id='word_1_131' title='bbox 327 2835 471 2910; x_wconf 69' lang='lat' dir='ltr'>‘quassa</span> <span class='ocrx_word' id='word_1_132' title='bbox 489 2850 566 2892; x_wconf 92' lang='lat' dir='ltr'>num</span> <span class='ocrx_word' id='word_1_133' title='bbox 584 2827 675 2891; x_wconf 90' lang='lat' dir='ltr'>binas</span> <span class='ocrx_word' id='word_1_134' title='bbox 692 2827 771 2890; x_wconf 91' lang='lat' dir='ltr'>mihi</span> 
     </span>
     <span class='ocr_line' id='line_1_26' title="bbox 63 2920 747 3007; baseline -0.006 -19"><span class='ocrx_word' id='word_1_135' title='bbox 63 2921 197 2988; x_wconf 88' lang='lat' dir='ltr'>clitellas</span> <span class='ocrx_word' id='word_1_136' title='bbox 215 2921 436 3007; x_wconf 88' lang='lat' dir='ltr'>impositumm</span> <span class='ocrx_word' id='word_1_137' title='bbox 453 2921 603 2987; x_wconf 88' lang='lat' dir='ltr'>victorem</span> <span class='ocrx_word' id='word_1_138' title='bbox 621 2920 747 3007; x_wconf 85' lang='lat' dir='ltr'>putas?&#39;</span> 
     </span>
     <span class='ocr_line' id='line_1_27' title="bbox 62 3015 763 3101; baseline -0.001 -21"><span class='ocrx_word' id='word_1_139' title='bbox 62 3039 163 3080; x_wconf 87' lang='lat' dir='ltr'>senex</span> <span class='ocrx_word' id='word_1_140' title='bbox 184 3016 322 3100; x_wconf 89' lang='lat' dir='ltr'>negavit.</span> <span class='ocrx_word' id='word_1_141' title='bbox 368 3025 456 3101; x_wconf 86' lang='lat' dir='ltr'>‘ergo</span> <span class='ocrx_word' id='word_1_142' title='bbox 473 3015 552 3099; x_wconf 93' lang='lat' dir='ltr'>quid</span> <span class='ocrx_word' id='word_1_143' title='bbox 569 3016 665 3081; x_wconf 88' lang='lat' dir='ltr'>refert</span> <span class='ocrx_word' id='word_1_144' title='bbox 682 3038 763 3092; x_wconf 87' lang='lat' dir='ltr'>mea,</span> 
     </span>
     <span class='ocr_line' id='line_1_28' title="bbox 62 3107 800 3196; baseline -0.004 -21"><span class='ocrx_word' id='word_1_145' title='bbox 62 3110 118 3175; x_wconf 92' lang='lat' dir='ltr'>cui</span> <span class='ocrx_word' id='word_1_146' title='bbox 136 3110 280 3188; x_wconf 87' lang='lat' dir='ltr'>serviam,</span> <span class='ocrx_word' id='word_1_147' title='bbox 299 3109 429 3175; x_wconf 87' lang='lat' dir='ltr'>clitellas</span> <span class='ocrx_word' id='word_1_148' title='bbox 448 3110 523 3174; x_wconf 90' lang='lat' dir='ltr'>dum</span> <span class='ocrx_word' id='word_1_149' title='bbox 541 3121 664 3196; x_wconf 89' lang='lat' dir='ltr'>portem</span> <span class='ocrx_word' id='word_1_150' title='bbox 681 3107 800 3174; x_wconf 77' lang='lat' dir='ltr'>measi’</span> 
     </span>
    </p>
   </div>
   <div class='ocr_carea' id='block_1_5' title="bbox 207 3369 942 3450">
    <p class='ocr_par' dir='ltr' id='par_1_19' title="bbox 207 3369 942 3450">
     <span class='ocr_line' id='line_1_29' title="bbox 207 3369 942 3450; baseline -0.007 -10"><span class='ocrx_word' id='word_1_151' title='bbox 207 3371 303 3443; x_wconf 89' lang='lat' dir='ltr'>XVI.</span> <span class='ocrx_word' id='word_1_152' title='bbox 347 3371 472 3450; x_wconf 81' lang='lat' dir='ltr'>ovls,</span> <span class='ocrx_word' id='word_1_153' title='bbox 495 3370 677 3440; x_wconf 81' lang='lat' dir='ltr'>CERVVS</span> <span class='ocrx_word' id='word_1_154' title='bbox 699 3371 760 3436; x_wconf 84' lang='grc' dir='ltr'>ΕΤ</span> <span class='ocrx_word' id='word_1_155' title='bbox 781 3369 942 3439; x_wconf 87' lang='lat' dir='ltr'>LVPVS.</span> 
     </span>
    </p>
   </div>
   <div class='ocr_carea' id='block_1_6' title="bbox 62 3533 1003 4186">
    <p class='ocr_par' dir='ltr' id='par_1_20' title="bbox 62 3533 1003 4186">
     <span class='ocr_line' id='line_1_30' title="bbox 108 3533 1003 3620; baseline -0.002 -18"><span class='ocrx_word' id='word_1_156' title='bbox 108 3534 287 3602; x_wconf 83' lang='lat' dir='ltr'>Fraudator</span> <span class='ocrx_word' id='word_1_157' title='bbox 304 3535 445 3602; x_wconf 91' lang='lat' dir='ltr'>homines</span> <span class='ocrx_word' id='word_1_158' title='bbox 464 3558 536 3601; x_wconf 92' lang='lat' dir='ltr'>cum</span> <span class='ocrx_word' id='word_1_159' title='bbox 554 3544 646 3600; x_wconf 90' lang='lat' dir='ltr'>vocat</span> <span class='ocrx_word' id='word_1_160' title='bbox 664 3557 814 3619; x_wconf 91' lang='lat' dir='ltr'>sponsum</span> <span class='ocrx_word' id='word_1_161' title='bbox 833 3533 1003 3620; x_wconf 90' lang='lat' dir='ltr'>improbos,</span> 
     </span>
     <span class='ocr_line' id='line_1_31' title="bbox 62 3628 845 3716; baseline -0.008 -17"><span class='ocrx_word' id='word_1_162' title='bbox 62 3654 130 3700; x_wconf 90' lang='lat' dir='ltr'>non</span> <span class='ocrx_word' id='word_1_163' title='bbox 147 3655 215 3696; x_wconf 90' lang='lat' dir='ltr'>rem</span> <span class='ocrx_word' id='word_1_164' title='bbox 232 3631 390 3716; x_wconf 90' lang='lat' dir='ltr'>expedire,</span> <span class='ocrx_word' id='word_1_165' title='bbox 409 3631 464 3696; x_wconf 90' lang='lat' dir='ltr'>sed</span> <span class='ocrx_word' id='word_1_166' title='bbox 482 3631 566 3695; x_wconf 89' lang='lat' dir='ltr'>mala</span> <span class='ocrx_word' id='word_1_167' title='bbox 583 3629 699 3694; x_wconf 87' lang='lat' dir='ltr'>inferre</span> <span class='ocrx_word' id='word_1_168' title='bbox 717 3628 845 3713; x_wconf 90' lang='lat' dir='ltr'>expetit.</span> 
     </span>
     <span class='ocr_line' id='line_1_32' title="bbox 109 3723 765 3810; baseline -0.006 -20"><span class='ocrx_word' id='word_1_169' title='bbox 109 3724 216 3792; x_wconf 90' lang='lat' dir='ltr'>Ovem</span> <span class='ocrx_word' id='word_1_170' title='bbox 233 3727 366 3810; x_wconf 86' lang='lat' dir='ltr'>rogabat</span> <span class='ocrx_word' id='word_1_171' title='bbox 384 3748 495 3790; x_wconf 89' lang='lat' dir='ltr'>cervus</span> <span class='ocrx_word' id='word_1_172' title='bbox 513 3723 654 3788; x_wconf 91' lang='lat' dir='ltr'>modium</span> <span class='ocrx_word' id='word_1_173' title='bbox 673 3723 765 3787; x_wconf 91' lang='lat' dir='ltr'>tritici</span> 
     </span>
     <span class='ocr_line' id='line_1_33' title="bbox 64 3817 846 3906; baseline -0.008 -19"><span class='ocrx_word' id='word_1_174' title='bbox 64 3823 142 3906; x_wconf 91' lang='lat' dir='ltr'>lupo</span> <span class='ocrx_word' id='word_1_175' title='bbox 161 3842 321 3906; x_wconf 90' lang='lat' dir='ltr'>sponsore.</span> <span class='ocrx_word' id='word_1_176' title='bbox 366 3832 398 3884; x_wconf 90' lang='lat' dir='ltr'>at</span> <span class='ocrx_word' id='word_1_177' title='bbox 414 3820 468 3884; x_wconf 90' lang='lat' dir='ltr'>illa</span> <span class='ocrx_word' id='word_1_178' title='bbox 486 3829 705 3904; x_wconf 87' lang='lat' dir='ltr'>praemetuens</span> <span class='ocrx_word' id='word_1_179' title='bbox 724 3817 846 3882; x_wconf 82' lang='lat' dir='ltr'>dolum:</span> 
     </span>
     <span class='ocr_line' id='line_1_34' title="bbox 67 3911 839 4001; baseline -0.004 -21"><span class='ocrx_word' id='word_1_180' title='bbox 67 3921 193 4001; x_wconf 83' lang='lat' dir='ltr'>‘rapere</span> <span class='ocrx_word' id='word_1_181' title='bbox 212 3925 307 3998; x_wconf 91' lang='lat' dir='ltr'>atque</span> <span class='ocrx_word' id='word_1_182' title='bbox 324 3914 411 3979; x_wconf 89' lang='lat' dir='ltr'>abire</span> <span class='ocrx_word' id='word_1_183' title='bbox 428 3936 553 3999; x_wconf 89' lang='lat' dir='ltr'>semper</span> <span class='ocrx_word' id='word_1_184' title='bbox 570 3911 714 3977; x_wconf 87' lang='lat' dir='ltr'>adsuevit</span> <span class='ocrx_word' id='word_1_185' title='bbox 730 3911 839 3997; x_wconf 86' lang='lat' dir='ltr'>lupus,</span> 
     </span>
     <span class='ocr_line' id='line_1_35' title="bbox 67 4006 749 4092; baseline -0.007 -19"><span class='ocrx_word' id='word_1_186' title='bbox 67 4018 104 4073; x_wconf 89' lang='lat' dir='ltr'>tu</span> <span class='ocrx_word' id='word_1_187' title='bbox 122 4009 162 4075; x_wconf 88' lang='lat' dir='ltr'>de</span> <span class='ocrx_word' id='word_1_188' title='bbox 180 4017 351 4092; x_wconf 90' lang='lat' dir='ltr'>conspectu</span> <span class='ocrx_word' id='word_1_189' title='bbox 368 4007 480 4092; x_wconf 85' lang='lat' dir='ltr'>fugere</span> <span class='ocrx_word' id='word_1_190' title='bbox 498 4006 598 4073; x_wconf 88' lang='lat' dir='ltr'>veloci</span> <span class='ocrx_word' id='word_1_191' title='bbox 615 4006 749 4091; x_wconf 89' lang='lat' dir='ltr'>impetu:</span> 
     </span>
     <span class='ocr_line' id='line_1_36' title="bbox 69 4098 772 4186; baseline -0.004 -17"><span class='ocrx_word' id='word_1_192' title='bbox 69 4102 125 4169; x_wconf 89' lang='lat' dir='ltr'>ubi</span> <span class='ocrx_word' id='word_1_193' title='bbox 142 4123 199 4168; x_wconf 91' lang='lat' dir='ltr'>vos</span> <span class='ocrx_word' id='word_1_194' title='bbox 217 4101 385 4186; x_wconf 86' lang='lat' dir='ltr'>requiram,</span> <span class='ocrx_word' id='word_1_195' title='bbox 404 4123 478 4168; x_wconf 91' lang='lat' dir='ltr'>cum</span> <span class='ocrx_word' id='word_1_196' title='bbox 495 4101 563 4167; x_wconf 88' lang='lat' dir='ltr'>dies</span> <span class='ocrx_word' id='word_1_197' title='bbox 580 4098 772 4169; x_wconf 76' lang='lat' dir='ltr'>adveneritt’</span> 
     </span>
    </p>
   </div>
   <div class='ocr_carea' id='block_1_7' title="bbox 0 0 1301 4506">
    <p class='ocr_par' dir='ltr' id='par_1_21' title="bbox 0 0 1301 4506">
     <span class='ocr_line' id='line_1_37' title="bbox 0 0 1301 4506; baseline 0 0"><span class='ocrx_word' id='word_1_198' title='bbox 0 0 1301 4506; x_wconf 95' lang='lat' dir='ltr'> </span> 
     </span>
    </p>
   </div>
  </div>
 </body>
</html>
