<?xml version="1.0" encoding="UTF-8"?>
<!DOCTYPE html PUBLIC "-//W3C//DTD XHTML 1.0 Transitional//EN"
    "http://www.w3.org/TR/xhtml1/DTD/xhtml1-transitional.dtd">
<html xmlns="http://www.w3.org/1999/xhtml" xml:lang="en" lang="en">
 <head>
  <title>
</title>
<meta http-equiv="Content-Type" content="text/html;charset=utf-8" />
  <meta name='ocr-system' content='tesseract 3.04.00' />
  <meta name='ocr-capabilities' content='ocr_page ocr_carea ocr_par ocr_line ocrx_word'/>
</head>
<body>
  <div class='ocr_page' id='page_1' title='image "./phaedriaugustil03phaegoog_0060.png"; bbox 0 0 2580 4506; ppageno 0'>
   <div class='ocr_carea' id='block_1_1' title="bbox 442 269 661 326">
    <p class='ocr_par' dir='ltr' id='par_1_1' title="bbox 442 269 661 326">
     <span class='ocr_line' id='line_1_1' title="bbox 442 269 661 326; baseline -0.005 -2"><span class='ocrx_word' id='word_1_1' title='bbox 442 308 446 313; x_wconf 88' lang='lat'>-</span> <span class='ocrx_word' id='word_1_2' title='bbox 479 269 596 324; x_wconf 83' lang='lat' dir='ltr'>LIBER</span> <span class='ocrx_word' id='word_1_3' title='bbox 612 270 661 326; x_wconf 88' lang='lat' dir='ltr'>IV.</span> 
     </span>
    </p>
   </div>
   <div class='ocr_carea' id='block_1_2' title="bbox 59 392 798 1494">
    <p class='ocr_par' dir='ltr' id='par_1_2' title="bbox 59 392 798 845">
     <span class='ocr_line' id='line_1_2' title="bbox 59 392 791 478; baseline 0.004 -23"><span class='ocrx_word' id='word_1_4' title='bbox 59 402 195 476; x_wconf 88' lang='lat' dir='ltr'>repente</span> <span class='ocrx_word' id='word_1_5' title='bbox 212 392 276 457; x_wconf 92' lang='lat' dir='ltr'>duo</span> <span class='ocrx_word' id='word_1_6' title='bbox 295 415 367 458; x_wconf 90' lang='lat' dir='ltr'>cum</span> <span class='ocrx_word' id='word_1_7' title='bbox 385 393 515 458; x_wconf 84' lang='lat' dir='ltr'>iuvenes</span> <span class='ocrx_word' id='word_1_8' title='bbox 533 392 634 477; x_wconf 84' lang='lat' dir='ltr'>sparsi</span> <span class='ocrx_word' id='word_1_9' title='bbox 651 392 791 478; x_wconf 89' lang='lat' dir='ltr'>pulvere,</span> 
     </span>
     <span class='ocr_line' id='line_1_3' title="bbox 61 485 654 572; baseline 0.002 -23"><span class='ocrx_word' id='word_1_10' title='bbox 61 485 181 550; x_wconf 89' lang='lat' dir='ltr'>sudore</span> <span class='ocrx_word' id='word_1_11' title='bbox 198 487 298 551; x_wconf 92' lang='lat' dir='ltr'>multo</span> <span class='ocrx_word' id='word_1_12' title='bbox 316 487 505 562; x_wconf 85' lang='lat' dir='ltr'>diffluentes,</span> <span class='ocrx_word' id='word_1_13' title='bbox 523 508 654 572; x_wconf 86' lang='lat' dir='ltr'>corpora</span> 
     </span>
     <span class='ocr_line' id='line_1_4' title="bbox 61 579 798 667; baseline 0.003 -25"><span class='ocrx_word' id='word_1_14' title='bbox 61 579 236 644; x_wconf 89' lang='lat' dir='ltr'>humanam</span> <span class='ocrx_word' id='word_1_15' title='bbox 255 604 350 667; x_wconf 87' lang='lat' dir='ltr'>supra</span> <span class='ocrx_word' id='word_1_16' title='bbox 367 581 511 658; x_wconf 83' lang='lat' dir='ltr'>formam,</span> <span class='ocrx_word' id='word_1_17' title='bbox 530 581 656 646; x_wconf 91' lang='lat' dir='ltr'>cuidam</span> <span class='ocrx_word' id='word_1_18' title='bbox 673 581 798 645; x_wconf 87' lang='lat' dir='ltr'>servulo</span> 
     </span>
     <span class='ocr_line' id='line_1_5' title="bbox 60 673 788 760; baseline 0.001 -23"><span class='ocrx_word' id='word_1_19' title='bbox 60 675 227 750; x_wconf 88' lang='lat' dir='ltr'>mandant,</span> <span class='ocrx_word' id='word_1_20' title='bbox 244 686 281 739; x_wconf 90' lang='lat' dir='ltr'>ut</span> <span class='ocrx_word' id='word_1_21' title='bbox 298 675 338 739; x_wconf 88' lang='lat' dir='ltr'>ad</span> <span class='ocrx_word' id='word_1_22' title='bbox 357 699 391 741; x_wconf 92' lang='lat' dir='ltr'>se</span> <span class='ocrx_word' id='word_1_23' title='bbox 408 686 559 760; x_wconf 88' lang='lat' dir='ltr'>provocet</span> <span class='ocrx_word' id='word_1_24' title='bbox 576 673 788 751; x_wconf 67' lang='lat' dir='ltr'>Simonidem</span> 
     </span>
     <span class='ocr_line' id='line_1_6' title="bbox 61 766 650 845; baseline 0 -13"><span class='ocrx_word' id='word_1_25' title='bbox 61 766 149 832; x_wconf 91' lang='lat' dir='ltr'>illius</span> <span class='ocrx_word' id='word_1_26' title='bbox 167 769 330 845; x_wconf 83' lang='lat' dir='ltr'>interesse,</span> <span class='ocrx_word' id='word_1_27' title='bbox 348 793 388 834; x_wconf 92' lang='lat' dir='ltr'>ne</span> <span class='ocrx_word' id='word_1_28' title='bbox 407 768 503 833; x_wconf 85' lang='lat' dir='ltr'>faciat</span> <span class='ocrx_word' id='word_1_29' title='bbox 520 791 650 833; x_wconf 89' lang='lat' dir='ltr'>moram.</span> 
     </span>
    </p>

    <p class='ocr_par' dir='ltr' id='par_1_3' title="bbox 60 860 784 1494">
     <span class='ocr_line' id='line_1_7' title="bbox 61 860 743 947; baseline 0.006 -23"><span class='ocrx_word' id='word_1_30' title='bbox 61 860 159 924; x_wconf 90' lang='lat' dir='ltr'>homo</span> <span class='ocrx_word' id='word_1_31' title='bbox 176 863 379 947; x_wconf 87' lang='lat' dir='ltr'>perturbatus</span> <span class='ocrx_word' id='word_1_32' title='bbox 399 863 514 928; x_wconf 89' lang='lat' dir='ltr'>excitat</span> <span class='ocrx_word' id='word_1_33' title='bbox 537 861 743 928; x_wconf 88' lang='lat' dir='ltr'><strong>Simonidem.</strong></span> 
     </span>
     <span class='ocr_line' id='line_1_8' title="bbox 61 956 713 1043; baseline 0.002 -24"><span class='ocrx_word' id='word_1_34' title='bbox 61 977 164 1020; x_wconf 88' lang='lat' dir='ltr'>unum</span> <span class='ocrx_word' id='word_1_35' title='bbox 181 968 340 1041; x_wconf 89' lang='lat' dir='ltr'>promorat</span> <span class='ocrx_word' id='word_1_36' title='bbox 358 958 412 1022; x_wconf 87' lang='lat' dir='ltr'>vix</span> <span class='ocrx_word' id='word_1_37' title='bbox 430 956 545 1043; x_wconf 89' lang='lat' dir='ltr'>pedem</span> <span class='ocrx_word' id='word_1_38' title='bbox 563 957 713 1021; x_wconf 86' lang='lat' dir='ltr'>triclinio:</span> 
     </span>
     <span class='ocr_line' id='line_1_9' title="bbox 61 1049 768 1136; baseline 0.001 -23"><span class='ocrx_word' id='word_1_39' title='bbox 61 1049 157 1114; x_wconf 85' lang='lat' dir='ltr'>ruina</span> <span class='ocrx_word' id='word_1_40' title='bbox 174 1072 318 1116; x_wconf 89' lang='lat' dir='ltr'>camarae</span> <span class='ocrx_word' id='word_1_41' title='bbox 337 1051 441 1115; x_wconf 90' lang='lat' dir='ltr'>subito</span> <span class='ocrx_word' id='word_1_42' title='bbox 460 1051 616 1136; x_wconf 86' lang='lat' dir='ltr'>oppressit</span> <span class='ocrx_word' id='word_1_43' title='bbox 634 1062 768 1127; x_wconf 86' lang='lat' dir='ltr'>ceteros3</span> 
     </span>
     <span class='ocr_line' id='line_1_10' title="bbox 60 1144 784 1231; baseline 0.004 -23"><span class='ocrx_word' id='word_1_44' title='bbox 60 1165 124 1209; x_wconf 88' lang='lat' dir='ltr'>neo</span> <span class='ocrx_word' id='word_1_45' title='bbox 141 1144 198 1209; x_wconf 91' lang='lat' dir='ltr'>ulli</span> <span class='ocrx_word' id='word_1_46' title='bbox 215 1145 345 1210; x_wconf 88' lang='lat' dir='ltr'>iuvenes</span> <span class='ocrx_word' id='word_1_47' title='bbox 364 1157 438 1210; x_wconf 93' lang='lat' dir='ltr'>sunt</span> <span class='ocrx_word' id='word_1_48' title='bbox 455 1145 571 1231; x_wconf 87' lang='lat' dir='ltr'>reperti</span> <span class='ocrx_word' id='word_1_49' title='bbox 588 1145 629 1209; x_wconf 89' lang='lat' dir='ltr'>ad</span> <span class='ocrx_word' id='word_1_50' title='bbox 646 1145 784 1211; x_wconf 89' lang='lat' dir='ltr'>ianuam.</span> 
     </span>
     <span class='ocr_line' id='line_1_11' title="bbox 61 1234 659 1325; baseline -0.003 -23"><span class='ocrx_word' id='word_1_51' title='bbox 61 1234 99 1302; x_wconf 79' lang='lat' dir='ltr'>tit</span> <span class='ocrx_word' id='word_1_52' title='bbox 117 1249 166 1302; x_wconf 91' lang='lat' dir='ltr'>est</span> <span class='ocrx_word' id='word_1_53' title='bbox 183 1238 330 1325; x_wconf 82' lang='lat' dir='ltr'>vulgatus</span> <span class='ocrx_word' id='word_1_54' title='bbox 348 1240 425 1303; x_wconf 88' lang='lat' dir='ltr'>ordo</span> <span class='ocrx_word' id='word_1_55' title='bbox 443 1249 587 1303; x_wconf 79' lang='lat' dir='ltr'>narratae</span> <span class='ocrx_word' id='word_1_56' title='bbox 605 1238 659 1315; x_wconf 89' lang='lat' dir='ltr'>rei,</span> 
     </span>
     <span class='ocr_line' id='line_1_12' title="bbox 61 1333 743 1418; baseline 0.001 -21"><span class='ocrx_word' id='word_1_57' title='bbox 61 1354 174 1398; x_wconf 90' lang='lat' dir='ltr'>omnes</span> <span class='ocrx_word' id='word_1_58' title='bbox 192 1333 329 1398; x_wconf 91' lang='lat' dir='ltr'>scierunt</span> <span class='ocrx_word' id='word_1_59' title='bbox 348 1335 513 1398; x_wconf 88' lang='lat' dir='ltr'>numinum</span> <span class='ocrx_word' id='word_1_60' title='bbox 530 1333 743 1418; x_wconf 82' lang='lat' dir='ltr'><strong>praesentiam</strong></span> 
     </span>
     <span class='ocr_line' id='line_1_13' title="bbox 60 1427 657 1494; baseline -0.002 -2"><span class='ocrx_word' id='word_1_61' title='bbox 60 1427 129 1492; x_wconf 81' lang='lat' dir='ltr'>vati</span> <span class='ocrx_word' id='word_1_62' title='bbox 147 1427 271 1493; x_wconf 80' lang='lat' dir='ltr'>dedisse</span> <span class='ocrx_word' id='word_1_63' title='bbox 290 1429 388 1494; x_wconf 88' lang='lat' dir='ltr'>vitam</span> <span class='ocrx_word' id='word_1_64' title='bbox 404 1427 559 1493; x_wconf 81' lang='lat' dir='ltr'>mercedis</span> <span class='ocrx_word' id='word_1_65' title='bbox 576 1427 657 1492; x_wconf 89' lang='lat' dir='ltr'>loco.</span> 
     </span>
    </p>
   </div>
   <div class='ocr_carea' id='block_1_3' title="bbox 245 1766 898 1836">
    <p class='ocr_par' dir='ltr' id='par_1_4' title="bbox 245 1766 898 1836">
     <span class='ocr_line' id='line_1_14' title="bbox 245 1766 898 1836; baseline 0.002 -4"><span class='ocrx_word' id='word_1_66' title='bbox 245 1766 403 1833; x_wconf 81' lang='lat' dir='ltr'><strong>POETA</strong></span> <span class='ocrx_word' id='word_1_67' title='bbox 424 1768 490 1833; x_wconf 89' lang='lat' dir='ltr'>AD</span> <span class='ocrx_word' id='word_1_68' title='bbox 513 1767 898 1836; x_wconf 83' lang='lat' dir='ltr'><strong>PARTIOVLONEM.</strong></span> 
     </span>
    </p>
   </div>
   <div class='ocr_carea' id='block_1_4' title="bbox 54 1920 890 2763">
    <p class='ocr_par' dir='ltr' id='par_1_5' title="bbox 54 1920 890 2763">
     <span class='ocr_line' id='line_1_15' title="bbox 103 1920 890 2009; baseline -0.001 -22"><span class='ocrx_word' id='word_1_69' title='bbox 103 1920 224 1987; x_wconf 81' lang='lat' dir='ltr'>Adhuc</span> <span class='ocrx_word' id='word_1_70' title='bbox 243 1934 412 2008; x_wconf 85' lang='lat' dir='ltr'>supersunt</span> <span class='ocrx_word' id='word_1_71' title='bbox 428 1924 538 2001; x_wconf 87' lang='lat' dir='ltr'>multa,</span> <span class='ocrx_word' id='word_1_72' title='bbox 557 1947 639 2008; x_wconf 90' lang='lat' dir='ltr'>quae</span> <span class='ocrx_word' id='word_1_73' title='bbox 657 1923 775 2009; x_wconf 88' lang='lat' dir='ltr'>possim</span> <span class='ocrx_word' id='word_1_74' title='bbox 793 1923 890 2008; x_wconf 90' lang='lat' dir='ltr'>loqui,</span> 
     </span>
     <span class='ocr_line' id='line_1_16' title="bbox 59 2016 690 2102; baseline -0.003 -19"><span class='ocrx_word' id='word_1_75' title='bbox 59 2017 241 2102; x_wconf 82' lang='lat' dir='ltr'>etcopiose</span> <span class='ocrx_word' id='word_1_76' title='bbox 258 2016 400 2082; x_wconf 89' lang='lat' dir='ltr'>abundat</span> <span class='ocrx_word' id='word_1_77' title='bbox 417 2041 522 2082; x_wconf 89' lang='lat' dir='ltr'>rerum</span> <span class='ocrx_word' id='word_1_78' title='bbox 540 2019 690 2094; x_wconf 85' lang='lat' dir='ltr'>varietas3</span> 
     </span>
     <span class='ocr_line' id='line_1_17' title="bbox 61 2111 723 2198; baseline -0.005 -21"><span class='ocrx_word' id='word_1_79' title='bbox 61 2111 122 2177; x_wconf 83' lang='lat' dir='ltr'>sed</span> <span class='ocrx_word' id='word_1_80' title='bbox 138 2122 330 2196; x_wconf 79' lang='lat' dir='ltr'>temperatae</span> <span class='ocrx_word' id='word_1_81' title='bbox 347 2134 461 2176; x_wconf 90' lang='lat' dir='ltr'>suaves</span> <span class='ocrx_word' id='word_1_82' title='bbox 479 2125 553 2176; x_wconf 91' lang='lat' dir='ltr'>sunt</span> <span class='ocrx_word' id='word_1_83' title='bbox 570 2111 723 2198; x_wconf 80' lang='lat' dir='ltr'>argutiae,</span> 
     </span>
     <span class='ocr_line' id='line_1_18' title="bbox 58 2204 884 2290; baseline -0.001 -19"><span class='ocrx_word' id='word_1_84' title='bbox 58 2204 250 2271; x_wconf 83' lang='lat' dir='ltr'>immodicae</span> <span class='ocrx_word' id='word_1_85' title='bbox 268 2205 443 2270; x_wconf 87' lang='lat' dir='ltr'>offendunt.</span> <span class='ocrx_word' id='word_1_86' title='bbox 487 2228 595 2290; x_wconf 88' lang='lat' dir='ltr'>quare,</span> <span class='ocrx_word' id='word_1_87' title='bbox 613 2208 661 2270; x_wconf 89' lang='lat' dir='ltr'>vir</span> <span class='ocrx_word' id='word_1_88' title='bbox 680 2206 884 2282; x_wconf 85' lang='lat' dir='ltr'>sanctissime,</span> 
     </span>
     <span class='ocr_line' id='line_1_19' title="bbox 57 2300 783 2377; baseline -0.004 -10"><span class='ocrx_word' id='word_1_89' title='bbox 57 2300 234 2377; x_wconf 72' lang='lat' dir='ltr'>Pulticula,</span> <span class='ocrx_word' id='word_1_90' title='bbox 253 2300 367 2365; x_wconf 85' lang='lat' dir='ltr'>chartis</span> <span class='ocrx_word' id='word_1_91' title='bbox 385 2322 499 2364; x_wconf 91' lang='lat' dir='ltr'>nomen</span> <span class='ocrx_word' id='word_1_92' title='bbox 519 2301 676 2365; x_wconf 89' lang='lat' dir='ltr'>victurum</span> <span class='ocrx_word' id='word_1_93' title='bbox 694 2301 783 2376; x_wconf 91' lang='lat' dir='ltr'>meis,</span> 
     </span>
     <span class='ocr_line' id='line_1_20' title="bbox 56 2394 737 2480; baseline -0.001 -21"><span class='ocrx_word' id='word_1_94' title='bbox 56 2394 188 2459; x_wconf 89' lang='lat' dir='ltr'>Latinis</span> <span class='ocrx_word' id='word_1_95' title='bbox 207 2395 283 2458; x_wconf 92' lang='lat' dir='ltr'>dum</span> <span class='ocrx_word' id='word_1_96' title='bbox 301 2394 439 2458; x_wconf 90' lang='lat' dir='ltr'>manebit</span> <span class='ocrx_word' id='word_1_97' title='bbox 462 2396 598 2480; x_wconf 90' lang='lat' dir='ltr'>pretium</span> <span class='ocrx_word' id='word_1_98' title='bbox 616 2395 737 2470; x_wconf 88' lang='lat' dir='ltr'>litteris,</span> 
     </span>
     <span class='ocr_line' id='line_1_21' title="bbox 56 2488 839 2574; baseline -0.005 -19"><span class='ocrx_word' id='word_1_99' title='bbox 56 2490 88 2555; x_wconf 87' lang='lat' dir='ltr'>si</span> <span class='ocrx_word' id='word_1_100' title='bbox 106 2510 170 2552; x_wconf 92' lang='lat' dir='ltr'>non</span> <span class='ocrx_word' id='word_1_101' title='bbox 188 2489 361 2574; x_wconf 86' lang='lat' dir='ltr'>ingenium,</span> <span class='ocrx_word' id='word_1_102' title='bbox 380 2499 464 2553; x_wconf 88' lang='lat' dir='ltr'>certe</span> <span class='ocrx_word' id='word_1_103' title='bbox 482 2488 670 2554; x_wconf 87' lang='lat' dir='ltr'>brevitatem</span> <span class='ocrx_word' id='word_1_104' title='bbox 688 2488 839 2572; x_wconf 88' lang='lat' dir='ltr'>adproba,</span> 
     </span>
     <span class='ocr_line' id='line_1_22' title="bbox 55 2582 736 2668; baseline -0.006 -19"><span class='ocrx_word' id='word_1_105' title='bbox 55 2605 145 2668; x_wconf 85' lang='lat' dir='ltr'>quae</span> <span class='ocrx_word' id='word_1_106' title='bbox 163 2583 376 2648; x_wconf 89' lang='lat' dir='ltr'>commendari</span> <span class='ocrx_word' id='word_1_107' title='bbox 394 2594 482 2648; x_wconf 90' lang='lat' dir='ltr'>tanto</span> <span class='ocrx_word' id='word_1_108' title='bbox 501 2583 595 2647; x_wconf 91' lang='lat' dir='ltr'>debet</span> <span class='ocrx_word' id='word_1_109' title='bbox 612 2582 736 2658; x_wconf 90' lang='lat' dir='ltr'>iustius,</span> 
     </span>
     <span class='ocr_line' id='line_1_23' title="bbox 54 2677 707 2763; baseline -0.008 -20"><span class='ocrx_word' id='word_1_110' title='bbox 54 2688 182 2763; x_wconf 88' lang='lat' dir='ltr'>quanto</span> <span class='ocrx_word' id='word_1_111' title='bbox 198 2688 312 2763; x_wconf 88' lang='lat' dir='ltr'>poetae</span> <span class='ocrx_word' id='word_1_112' title='bbox 330 2688 402 2741; x_wconf 93' lang='lat' dir='ltr'>sunt</span> <span class='ocrx_word' id='word_1_113' title='bbox 420 2678 544 2742; x_wconf 89' lang='lat' dir='ltr'>molesti</span> <span class='ocrx_word' id='word_1_114' title='bbox 562 2677 707 2742; x_wconf 90' lang='lat' dir='ltr'>validius.</span> 
     </span>
    </p>
   </div>
   <div class='ocr_carea' id='block_1_5' title="bbox 304 3207 836 3299">
    <p class='ocr_par' dir='ltr' id='par_1_6' title="bbox 304 3207 836 3299">
     <span class='ocr_line' id='line_1_24' title="bbox 304 3207 836 3299; baseline 0 -17"><span class='ocrx_word' id='word_1_115' title='bbox 304 3209 499 3282; x_wconf 87' lang='lat' dir='ltr'>LIBER</span> <span class='ocrx_word' id='word_1_116' title='bbox 534 3207 836 3299; x_wconf 79' lang='lat' dir='ltr'><strong>QVINTVS.</strong></span> 
     </span>
    </p>
   </div>
   <div class='ocr_carea' id='block_1_6' title="bbox 413 3433 724 3500">
    <p class='ocr_par' dir='ltr' id='par_1_7' title="bbox 413 3433 724 3500">
     <span class='ocr_line' id='line_1_25' title="bbox 413 3433 724 3500; baseline -0.003 0"><span class='ocrx_word' id='word_1_117' title='bbox 413 3435 535 3500; x_wconf 82' lang='lat' dir='ltr'><strong>IDEM</strong></span> <span class='ocrx_word' id='word_1_118' title='bbox 557 3433 724 3499; x_wconf 79' lang='lat' dir='ltr'><strong>POETA.</strong></span> 
     </span>
    </p>
   </div>
   <div class='ocr_carea' id='block_1_7' title="bbox 37 3588 855 4151">
    <p class='ocr_par' dir='ltr' id='par_1_8' title="bbox 37 3588 855 4151">
     <span class='ocr_line' id='line_1_26' title="bbox 101 3588 722 3673; baseline 0 -20"><span class='ocrx_word' id='word_1_119' title='bbox 101 3588 227 3673; x_wconf 86' lang='lat' dir='ltr'>Aesopi</span> <span class='ocrx_word' id='word_1_120' title='bbox 243 3610 359 3652; x_wconf 92' lang='lat' dir='ltr'>nomen</span> <span class='ocrx_word' id='word_1_121' title='bbox 377 3589 477 3654; x_wconf 88' lang='lat' dir='ltr'>sicubi</span> <span class='ocrx_word' id='word_1_122' title='bbox 494 3589 722 3673; x_wconf 90' lang='lat' dir='ltr'>interposuero,</span> 
     </span>
     <span class='ocr_line' id='line_1_27' title="bbox 51 3682 766 3769; baseline -0.007 -16"><span class='ocrx_word' id='word_1_123' title='bbox 51 3684 113 3753; x_wconf 85' lang='lat' dir='ltr'>cui</span> <span class='ocrx_word' id='word_1_124' title='bbox 131 3682 255 3748; x_wconf 88' lang='lat' dir='ltr'>reddidi</span> <span class='ocrx_word' id='word_1_125' title='bbox 272 3683 336 3748; x_wconf 90' lang='lat' dir='ltr'>iam</span> <span class='ocrx_word' id='word_1_126' title='bbox 353 3684 474 3769; x_wconf 90' lang='lat' dir='ltr'>pridem</span> <span class='ocrx_word' id='word_1_127' title='bbox 491 3684 642 3767; x_wconf 91' lang='lat' dir='ltr'>quicquid</span> <span class='ocrx_word' id='word_1_128' title='bbox 660 3683 766 3760; x_wconf 88' lang='lat' dir='ltr'>debui,</span> 
     </span>
     <span class='ocr_line' id='line_1_28' title="bbox 52 3777 571 3864; baseline -0.012 -18"><span class='ocrx_word' id='word_1_129' title='bbox 52 3777 256 3846; x_wconf 88' lang='lat' dir='ltr'>auctoritatis</span> <span class='ocrx_word' id='word_1_130' title='bbox 275 3800 343 3842; x_wconf 91' lang='lat' dir='ltr'>esse</span> <span class='ocrx_word' id='word_1_131' title='bbox 361 3779 438 3843; x_wconf 90' lang='lat' dir='ltr'>scito</span> <span class='ocrx_word' id='word_1_132' title='bbox 456 3777 571 3864; x_wconf 84' lang='lat' dir='ltr'>gratia:</span> 
     </span>
     <span class='ocr_line' id='line_1_29' title="bbox 50 3871 816 3955; baseline -0.007 -14"><span class='ocrx_word' id='word_1_133' title='bbox 50 3884 95 3941; x_wconf 88' lang='lat' dir='ltr'>ut</span> <span class='ocrx_word' id='word_1_134' title='bbox 112 3871 245 3955; x_wconf 90' lang='lat' dir='ltr'>quidam</span> <span class='ocrx_word' id='word_1_135' title='bbox 263 3872 397 3937; x_wconf 89' lang='lat' dir='ltr'>artifices</span> <span class='ocrx_word' id='word_1_136' title='bbox 415 3885 521 3938; x_wconf 90' lang='lat' dir='ltr'>nostro</span> <span class='ocrx_word' id='word_1_137' title='bbox 540 3872 662 3936; x_wconf 88' lang='lat' dir='ltr'>faciunt</span> <span class='ocrx_word' id='word_1_138' title='bbox 679 3872 816 3949; x_wconf 88' lang='lat' dir='ltr'>saeculo,</span> 
     </span>
     <span class='ocr_line' id='line_1_30' title="bbox 37 3966 855 4054; baseline -0.001 -22"><span class='ocrx_word' id='word_1_139' title='bbox 37 3967 116 4054; x_wconf 90' lang='lat' dir='ltr'>-qui</span> <span class='ocrx_word' id='word_1_140' title='bbox 135 3966 271 4052; x_wconf 88' lang='lat' dir='ltr'>pretium</span> <span class='ocrx_word' id='word_1_141' title='bbox 285 3968 436 4052; x_wconf 88' lang='lat' dir='ltr'>operibus</span> <span class='ocrx_word' id='word_1_142' title='bbox 454 3968 555 4033; x_wconf 90' lang='lat' dir='ltr'>maius</span> <span class='ocrx_word' id='word_1_143' title='bbox 573 3967 737 4032; x_wconf 91' lang='lat' dir='ltr'>inveniunt</span> <span class='ocrx_word' id='word_1_144' title='bbox 747 3967 855 4044; x_wconf 87' lang='lat' dir='ltr'>novis,</span> 
     </span>
     <span class='ocr_line' id='line_1_31' title="bbox 53 4062 798 4151; baseline -0.004 -20"><span class='ocrx_word' id='word_1_145' title='bbox 53 4063 89 4131; x_wconf 82' lang='lat' dir='ltr'>si</span> <span class='ocrx_word' id='word_1_146' title='bbox 105 4062 258 4127; x_wconf 88' lang='lat' dir='ltr'>marmori</span> <span class='ocrx_word' id='word_1_147' title='bbox 276 4062 509 4151; x_wconf 81' lang='lat' dir='ltr'>adscripserunt</span> <span class='ocrx_word' id='word_1_148' title='bbox 527 4062 711 4129; x_wconf 83' lang='lat' dir='ltr'>Praxitelen</span> <span class='ocrx_word' id='word_1_149' title='bbox 728 4083 798 4139; x_wconf 83' lang='lat' dir='ltr'>suo,</span> 
     </span>
    </p>
   </div>
   <div class='ocr_carea' id='block_1_8' title="bbox 0 0 1294 4506">
    <p class='ocr_par' dir='ltr' id='par_1_9' title="bbox 0 0 1294 4506">
     <span class='ocr_line' id='line_1_32' title="bbox 0 0 1294 4506; baseline 0 2"><span class='ocrx_word' id='word_1_150' title='bbox 0 0 1294 4506; x_wconf 95' lang='lat' dir='ltr'> </span> 
     </span>
    </p>
   </div>
  </div>
 </body>
</html>
