2580 4506
205 198 249 267 38
500 217 929 279 samuarrmmravn

448 348 513 414 XI.
549 350 648 420 'FVR
669 351 729 417 ΕΤ
750 348 980 419 LVCERNA.

250 466 430 534 Lucernam
448 470 501 534 fur
518 471 661 537 accendit
679 494 718 536 ex
735 495 789 536 ara
806 471 892 537 Iovis

207 562 375 648 ipsumque
393 565 574 650 compilavit
591 566 631 631 ad
648 566 756 631 lumen
774 590 875 630 suum.

207 659 261 742 qui
280 658 444 745 sacrilegio
462 671 594 724 onustus
612 682 684 724 cum
702 661 885 738 discederet,

207 764 336 837 repente
353 776 464 819 vocem
482 765 591 818 sancta
609 755 692 818 misit
710 755 849 839 Religio:

172 855 190 909 5
208 847 377 912 ‘malorum
394 849 538 932 quamvis
555 848 615 912 ista
632 848 750 913 fuerint
766 871 898 914 munera

206 941 345 1024 mihique
362 942 473 1019 invisa,
492 953 609 1007 utnon
626 941 770 1007 offendar
787 943 918 1028 subripi,

206 1046 322 1114 tamen,
341 1036 483 1113 sceleste,
502 1036 613 1121 spiritu
631 1037 756 1122 culpam
774 1037 852 1114 lues,

206 1130 280 1193 olim
299 1152 371 1194 cum
389 1131 565 1215 adscriptus
583 1131 704 1195 venerit
720 1152 840 1215 poenae
859 1131 935 1196 dies.

207 1223 263 1287 sed
280 1247 321 1288 ne
338 1225 421 1311 ignis
438 1237 544 1289 noster
561 1224 693 1288 facinori
709 1225 900 1309 praeluceat,

155 1326 189 1380 10
206 1341 263 1402 per
280 1340 374 1402 quem
392 1320 546 1384 verendos
565 1318 680 1384 excolit
696 1319 797 1403 pistas
814 1319 900 1395 deos,

206 1422 278 1475 veto
297 1434 365 1477 esse
384 1414 447 1477 tale
463 1413 590 1476 luminis
609 1411 851 1476 commercium!

206 1506 312 1589 itaque
330 1506 424 1570 hodie
442 1528 501 1571 nec
518 1506 678 1570 lucernam
697 1507 736 1570 de
754 1507 881 1570 flamma
898 1505 994 1570 deum

206 1622 264 1664 nec
282 1600 322 1664 de
339 1599 469 1666 lucerna
486 1599 534 1664 fas
553 1612 601 1664 est
618 1600 748 1664 accendi
766 1623 900 1664 sacrum.

249 1693 336 1774 Quot
354 1717 404 1759 res
422 1694 580 1758 contineat
597 1693 658 1758 hoc
676 1706 898 1781 argumentum
915 1695 1016 1774 utiles,

155 1795 189 1850 15
205 1810 270 1852 non
288 1788 457 1872 explicabit
474 1788 564 1863 alius,
582 1810 678 1871 quam
695 1788 750 1872 qui
768 1789 913 1874 repperit.

206 1882 362 1967 significat
378 1883 490 1969 primo,
509 1904 612 1967 saepe,
630 1904 710 1965 quos
728 1883 796 1968 ipse
814 1883 938 1961 alueris,

206 1976 264 2040 tibi
281 1977 414 2041 inveniri
432 1977 569 2042 maxime
588 1977 773 2053 contrarios3

206 2072 344 2137 secundo
363 2072 498 2136 ostendit
516 2073 634 2136 scelera
651 2094 715 2136 non
731 2071 779 2134 ira
796 2072 900 2151 deum,

206 2164 344 2229 fatorum
361 2166 444 2230 dicto
463 2165 518 2230 sed
535 2166 641 2251 puniri
658 2176 812 2250 tempore3

154 2267 189 2321 20
205 2259 374 2325 novissime
392 2259 558 2336 interdicit,
577 2281 617 2323 nc
635 2282 708 2324 cum
725 2259 867 2324 malefico

206 2376 300 2418 usum
317 2353 419 2418 bonus
437 2354 595 2419 consociet
611 2353 705 2418 ullius
723 2353 778 2417 rei.

379 2540 460 2606 XII.
504 2539 667 2606 MALAS
689 2538 804 2606 ESSE
825 2539 1046 2607 DIVITIAS.

250 2667 338 2754 Opes
356 2669 476 2734 invisae
492 2669 604 2734 merito
623 2680 696 2734 sunt
713 2670 787 2733 forti
805 2669 882 2746 viro,

207 2763 282 2846 quia
299 2764 388 2829 dives
407 2787 479 2829 arca
496 2787 603 2829 veram
620 2765 747 2829 laudem
763 2763 929 2848 intercipit.

250 2855 348 2923 Caelo
366 2871 510 2945 receptus
528 2870 655 2944 propter
672 2859 820 2923 virtutem
838 2859 992 2923 Hercules

207 2974 280 3016 cum
297 2954 491 3038 gratulantes
508 2954 733 3039 persalutasset
750 2953 836 3028 deos,

172 3054 190 3108 5
206 3047 351 3113 veniente
368 3047 474 3125 Pluto,
493 3048 547 3131 qui
563 3048 725 3113 Fortunae
743 3059 789 3112 est
806 3046 899 3125 filius,

206 3142 319 3207 avertit
337 3142 454 3207 oculos.
499 3165 627 3206 causam
645 3142 800 3225 quaesivit
817 3153 915 3226 pater.

207 3236 295 3313 ‘odi,'
313 3236 424 3321 inquit,
443 3236 557 3313 ‘illum,
575 3236 650 3319 quia
666 3237 757 3300 malis
775 3237 894 3300 amicus
913 3246 960 3300 est

207 3329 363 3416 simulque
380 3329 503 3396 obiecto
520 3341 634 3396 cuncta
651 3331 823 3416 corrumpit
840 3330 947 3394 lucro'

607 3509 821 3576 xm...

247 3629 379 3697 ‘Vtilius
397 3629 515 3695 homini
532 3630 610 3696 nihil
628 3642 675 3696 est
692 3652 788 3714 quam
805 3641 890 3695 recte
907 3630 1006 3713 loqui’

204 3725 368 3809 probanda
386 3725 505 3790 cunctis
524 3737 571 3791 cst
589 3726 716 3810 quidem
734 3725 898 3803 sententia,

204 3820 259 3884 sed
277 3820 318 3884 ad
335 3819 505 3904 perniciem
523 3821 602 3887 solet
619 3821 672 3906 agi
689 3820 851 3886 sinceritas
