2580 4506
229 269 272 334 52
523 284 698 340 PHAEDRI
713 285 953 344 FABVLARVM

228 407 370 472 abiturus
389 417 420 472 et
436 407 501 471 ism
518 408 614 472 limen
633 408 788 473 excedens
807 409 865 473 ait:

229 501 339 565 ‘deum
357 500 469 566 videtis
474 526 483 576 3
502 502 640 565 tribuam
657 502 748 565 vobis
767 503 919 586 protinus,

228 584 317 678 quod
332 616 476 678 quaeque
495 594 629 679 optarit!
673 607 773 660 mater
790 597 974 682 suppliciter
989 611 1092 684 rogat,

227 689 396 754 barbatum
414 701 448 753 nt
469 690 576 754 videat
592 700 702 755 natum
720 691 970 776 quamprimum
988 717 1095 772 suum3

177 797 211 850 10
227 785 369 861 moecha,
386 793 422 849 ut
439 794 589 866 sequatur
606 805 674 848 sese
692 784 842 867 quicquid
859 786 1006 870 tetigerit

227 881 313 944 volat
329 878 509 943 Mercurius
515 903 524 954 ;
541 878 623 942 intro
639 877 773 942 redeunt
790 879 947 944 mulieres.

226 973 377 1038 barbatus
394 972 498 1036 infans
516 994 590 1037 ecoe
608 972 732 1057 vagitus
751 972 820 1037 ciet.

226 1069 260 1132 id
277 1068 358 1132 forte
375 1065 524 1132 meretrix
542 1088 614 1131 eum
632 1066 748 1131 rideret
765 1066 916 1146 validius,

226 1185 317 1227 nares
335 1160 468 1246 replevit
485 1183 586 1236 umor,
606 1172 641 1224 ut
658 1160 726 1225 fieri
744 1160 832 1225 solet.

175 1268 208 1322 15
226 1278 396 1340 emungere
413 1255 512 1338 igitur
528 1277 562 1318 se
580 1253 689 1318 volens
708 1254 832 1340 prendit
851 1278 946 1318 manu

226 1351 381 1432 traxitque
400 1348 441 1412 ad
458 1360 574 1412 terram
591 1348 660 1411 nasi
677 1348 915 1432 longitudinem,
953 1368 955 1373 ’

227 1455 258 1509 et
275 1443 368 1509 aliam
386 1442 492 1507 ridens
509 1443 580 1526 ipsa
596 1441 727 1505 ridenda
745 1442 872 1507 exstitit.

384 1673 444 1741 IV.
488 1670 806 1740 PROMETHEVS
828 1673 888 1738 ΕΤ
911 1673 1079 1741 DOLVS.

533 1790 587 1858 [De
598 1791 715 1845 veritate
728 1793 756 1845 et
766 1790 929 1871 mendacio]

267 1912 355 1979 Olim
373 1911 582 1977 Prometheus
601 1913 720 1978 saeculi
736 1913 853 1997 figulus
870 1913 945 1978 novi

224 2031 300 2073 curs
318 2007 426 2071 subtili
443 2006 619 2072 Veritatem
636 2007 764 2083 fecerat,

223 2113 259 2166 ut
275 2103 345 2166 iura
363 2111 470 2186 posset
486 2101 567 2165 inter
584 2100 727 2165 homines
745 2101 887 2166 reddere.

223 2195 327 2260 subito
345 2194 514 2259 accersitus
531 2195 643 2259 nuntio
661 2195 769 2280 magni
785 2194 872 2259 Iovis

188 2303 206 2357 5
223 2289 423 2354 commendat
440 2288 600 2352 officinam
618 2289 724 2353 fallaci
739 2287 837 2365 Dolo,

222 2385 255 2448 in
274 2383 471 2468 disciplinam
488 2406 590 2467 nuper
608 2405 703 2466 quem
721 2394 892 2470 receperat.

222 2477 274 2543 hic
292 2478 396 2542 studio
415 2499 576 2553 accensus,
594 2477 676 2541 facie
694 2477 899 2543 simulacrum
915 2477 994 2563 pari,

222 2595 286 2636 una
303 2582 433 2648 statura,
451 2571 552 2635 simile
570 2583 601 2636 et
619 2571 768 2635 membris
787 2571 943 2649 omnibus,

222 2666 298 2730 dum
316 2677 440 2751 tempus
458 2665 579 2741 habuit,
598 2665 711 2729 callida
728 2665 819 2730 finxit
836 2688 943 2729 manu.

170 2773 205 2827 10
221 2759 307 2843 quod
324 2781 421 2844 prope
439 2759 503 2822 iarn
520 2769 621 2823 totum
638 2761 715 2824 mire
734 2782 807 2824 cum
825 2760 962 2844 positum
981 2759 1072 2838 foret,

220 2854 323 2918 lutum
341 2854 381 2917 ad
398 2853 561 2918 faciendos
578 2853 624 2917 illi
642 2852 758 2917 defecit
776 2854 882 2938 pedes.

220 2948 313 3013 rediit
330 2948 494 3032 magister3
513 2969 575 3031 quo
593 2948 777 3012 festinanter
795 2947 899 3013 Dolus
923 2940 928 2947 ⁸

220 3053 308 3107 metu
325 3042 470 3106 turbatus
488 3041 521 3104 iu
539 3062 596 3105 suo
614 3041 694 3106 sedit
711 3043 791 3106 loco.

220 3136 338 3200 mirans
355 3135 563 3199 Prometheus
582 3145 702 3199 tantam
721 3135 967 3217 similitudinem,

169 3242 203 3298 15
219 3230 365 3316 propriae
382 3228 483 3293 videri
499 3228 599 3293 voluit
616 3228 691 3292 artis
709 3229 856 3313 gloriam.'
893 3234 907 3249 ”

219 3324 316 3410 igitur
332 3323 453 3387 fornaci
470 3321 587 3407 pariter
604 3322 667 3386 duo
686 3322 777 3408 signa
794 3323 913 3403 intulit;

219 3417 334 3501 quibus
351 3416 505 3501 percoctis
523 3428 618 3499 atque
636 3416 741 3481 infuso
760 3417 881 3502 spiritu,

218 3511 361 3576 modesto
378 3532 489 3595 gressu
508 3523 617 3575 saneta
634 3511 763 3576 incessit
781 3512 921 3589 Veritas3

219 3616 252 3670 at
269 3617 381 3670 trunca
398 3604 519 3689 species
538 3604 639 3668 haesit
655 3605 689 3669 in
706 3606 850 3690 vestigio.

167 3706 201 3760 20
219 3711 294 3764 tuno
311 3699 392 3762 falsa
409 3699 515 3783 imago
534 3709 628 3781 atque
646 3699 749 3785 operis
766 3699 876 3764 furtivi
892 3700 983 3765 labor

218 3792 418 3857 mendacium
437 3791 629 3876 appellatum
648 3804 710 3870 est3
727 3793 813 3877 quod
830 3795 1019 3879 negantibus

217 3887 315 3972 pedes
333 3886 449 3951 habere
468 3887 559 3952 facile
578 3898 609 3952 et
626 3888 694 3972 ipse
712 3888 865 3952 adsentio.

261 3980 417 4046 Simulata
433 3980 591 4049 interdum
608 3981 696 4047 initio
713 3992 844 4067 prosunt
862 3981 1051 4061 hominibus,

156 4126 163 4137 ..
217 4076 274 4142 sed
291 4085 431 4163 tempore
447 4075 516 4163 ipso
534 4086 641 4151 tamen
657 4089 789 4164 apparet
807 4077 928 4159 veritas.

163 4224 257 4240 dnm-n.
