2580 4506
481 283 596 340 LIBER
612 285 662 343 lv.

62 406 208 472 ascendit
224 429 348 485 navem,
367 428 463 491 quam
481 418 651 492 tempestas
670 407 795 472 horrida

62 501 160 565 simul
178 512 210 566 et
227 512 368 567 vetustas
386 502 489 566 medio
508 501 651 567 dissolvit
667 503 755 567 mari.

62 594 100 658 hi
117 617 223 672 zonas,
241 596 286 660 illi
302 618 353 661 res
370 596 522 681 pretiosas
541 595 703 682 eolligunt,

63 688 243 754 subsidium
260 690 352 755 vitae.
396 691 526 773 quidam
544 690 709 756 curiosior:
782 719 785 723 ²

64 781 255 861 ‘Simonide
274 795 310 850 tu
327 807 366 848 ex
384 781 497 870 opibus
514 785 559 849 nil
576 785 674 849 sumis
692 785 787 850 tuis?'

63 879 226 955 ‘mecum'
244 878 356 963 inquit,
375 885 460 945 ‘mea
477 890 551 943 sunt
568 880 701 944 cuncta?
741 891 817 944 tune
833 879 928 964 pauci
945 890 1081 957 enatant,

63 972 142 1055 quia
159 973 265 1059 plures
283 994 378 1037 onere
395 973 560 1058 degravati
576 973 742 1058 perierant.

61 1066 240 1152 praedones
258 1067 382 1143 adsunt,
400 1067 537 1152 rapiunt,
556 1068 642 1151 quod
660 1068 794 1152 quiaque
812 1068 932 1144 extulit,

61 1160 168 1224 nudos
185 1160 374 1244 relinquunt.
418 1162 499 1226 forte
517 1159 729 1227 Clazomenae
747 1184 846 1247 prope

63 1254 195 1337 antiqua
212 1255 273 1318 fuit
291 1255 366 1319 urbs
371 1279 380 1331 3
400 1276 496 1338 quam
513 1256 671 1340 petierunt
686 1255 844 1341 naufragi.

62 1348 117 1413 hic
134 1348 307 1412 litterarum
325 1348 454 1431 quidam
472 1349 576 1413 studio
594 1349 729 1426 deditus,

63 1442 239 1510 Simonidis
258 1443 313 1527 qui
332 1465 424 1528 saepe
443 1466 552 1509 versus
570 1445 691 1530 legerat

63 1550 196 1622 eratque
213 1539 351 1604 absentis
370 1539 539 1604 admirator
556 1541 723 1617 maximus,

63 1656 209 1700 sermone
228 1635 268 1698 ab
286 1635 355 1719 ipso
374 1635 537 1720 cognitum
555 1635 755 1720 cupidissime

63 1730 108 1794 ad
126 1751 159 1794 se
176 1729 308 1814 recepit3
327 1741 424 1805 veste,
440 1730 588 1807 nummis,
607 1730 727 1795 familia

62 1824 225 1889 hominem
243 1825 414 1888 exornavit.
459 1826 554 1890 ceteri
571 1826 712 1889 tabulam
730 1846 819 1889 suam

61 1929 192 2006 portant
209 1929 356 2004 rogantes
374 1919 502 1983 victum.
546 1941 625 2003 quos
644 1942 720 1984 casu
737 1920 847 1985 obvios

63 2013 245 2079 Simonides
262 2024 298 2077 ut
315 2013 407 2077 vidit:
430 2013 529 2090 ‘dixi'
547 2013 660 2097 inquit,
679 2021 764 2080 ‘mea

63 2098 190 2174 mecum
209 2130 277 2172 esse
296 2118 423 2184 cuncta3
441 2130 498 2172 vos
516 2108 601 2191 quod
619 2107 782 2186 habuistis,
800 2108 901 2194 perit.'

255 2334 390 2403 XXHI.
433 2335 564 2403 MONS
586 2337 890 2405 PARTVRIENS.

106 2482 204 2548 Mons
222 2483 408 2569 parturibat,
426 2483 561 2569 gemitus
579 2483 732 2548 immanes
751 2485 846 2561 ciens,

60 2589 196 2661 eratque
213 2578 246 2641 in
264 2578 353 2641 terris
371 2578 508 2641 maxima
526 2578 712 2662 expectatio.

61 2687 98 2739 at
114 2673 169 2738 ille
186 2695 309 2737 murem
326 2672 456 2757 peperit.
475 2708 516 2718 —
533 2673 607 2737 Hoc
624 2672 776 2758 seriptum
794 2684 841 2738 est
858 2671 924 2750 tibi,

59 2768 131 2854 qui,
149 2790 265 2854 magna
284 2789 357 2833 cum
374 2766 514 2845 minaris,
532 2767 666 2832 extricas
684 2767 770 2832 nihil.

238 2996 371 3064 XXIV.
416 2995 631 3064 FORMIOA
652 2997 713 3063 ET
734 2996 905 3065 MVSOA.

109 3143 211 3232 [Nihil
230 3166 324 3230 agere
341 3143 427 3228 quod
444 3164 507 3206 non
525 3143 633 3228 prosit,
651 3143 768 3208 fabella
785 3140 958 3229 admonet]

106 3238 254 3304 Formica
272 3249 303 3303 et
320 3259 429 3302 musea
446 3237 678 3303 contendebant
695 3237 817 3314 acriter,

59 3356 148 3420 quae
165 3333 263 3418 pluris
282 3342 373 3396 esset.
417 3353 527 3395 musca
544 3330 589 3396 sic
607 3332 710 3415 eoepit
727 3331 825 3416 prior:

59 3426 224 3492 ‘conferre
242 3425 356 3490 nostris
374 3436 409 3489 tu
426 3436 516 3510 potes
532 3435 564 3489 te
582 3425 747 3489 laudibus?

58 3521 122 3588 ubi
139 3520 329 3596 immolatur,
349 3529 421 3583 exta
438 3529 608 3604 praegusto
628 3520 721 3584 deum
727 3543 736 3595 3

58 3637 170 3683 moror
186 3615 267 3678 inter
285 3636 365 3691 aras,
383 3612 501 3698 templa
518 3614 672 3698 perlustro
691 3613 809 3688 omnia3

59 3711 98 3776 in
116 3709 217 3794 eapite
234 3707 319 3793 regis
337 3709 441 3785 sedeo,
460 3729 533 3771 cum
551 3707 653 3770 visum
671 3717 720 3771 est
737 3706 824 3783 mihi,

61 3816 97 3872 et
115 3814 329 3867 matronarum
347 3811 433 3866 casta
451 3800 555 3866 delibo
572 3801 690 3866 oscula.

59 3898 175 3966 laboro
192 3896 280 3974 nihil,
299 3908 393 3978 atque
411 3896 536 3980 optimis
553 3895 647 3960 rebus
666 3895 762 3958 fruor.

61 3993 145 4080 quid
162 3993 273 4057 horum
293 3991 392 4056 simile
409 3990 467 4055 tibi
484 3991 646 4076 contingit,
664 3989 813 4056 rustical’
