2580 4506
196 242 239 315 30
403 213 405 217 ⁵
487 260 662 317 Piranum
678 261 918 322 emmenum

145 392 179 447 15
195 409 260 450 una
276 384 443 449 bibamus!
486 385 551 463 illa,
569 409 651 470 quae
669 388 777 453 arebat
795 387 856 465 siti,

196 480 289 545 simul
310 479 459 564 cognovit
477 503 587 546 vocem
603 483 726 547 laudari
743 506 843 558 suam,

196 574 310 659 cupide
329 573 497 639 advolavit.
541 586 657 641 noctua
674 599 801 661 egressa
819 599 837 638 e
856 598 933 640 cavo

195 667 404 754 trepidantem
423 679 602 734 consectata
619 682 667 734 est
684 682 716 735 et
732 671 795 735 leto
814 670 908 735 dedit.

195 761 250 839 sic,
268 762 341 827 viva
359 763 445 845 quod
462 773 604 848 negarat,
622 763 731 828 tribuit
748 775 881 828 mortua.

259 1035 373 1102 XVII.
417 1034 633 1103 ARBORES
656 1036 704 1101 IN
725 1034 926 1103 DEORVM
950 1037 1148 1104 TVTELA.

238 1187 335 1266 Olim,
354 1212 433 1273 quas
450 1191 568 1254 vellent
584 1213 654 1256 esse
671 1191 705 1254 in
722 1191 821 1256 tutela
840 1214 906 1268 sua,

194 1285 260 1348 divi
276 1284 422 1369 legerunt
440 1284 577 1350 arbores.
622 1307 757 1369 quercus
775 1285 855 1360 Iovi,

196 1389 228 1443 at
245 1391 367 1462 myrtus
385 1378 504 1445 Veneri
522 1379 650 1465 placuit,
668 1379 801 1443 Phoebo
818 1379 936 1455 laurea,

194 1473 287 1558 pinus
307 1470 468 1558 Cybebae,
485 1472 622 1558 populus
641 1474 725 1537 celsa
742 1473 884 1538 Herculi.

160 1567 341 1632 5Minerva
359 1566 526 1643 admirans,
545 1588 642 1650 quare
661 1567 782 1632 steriles
801 1576 969 1643 sumerent,

194 1661 408 1747 interrogavit.
453 1683 582 1726 causam
601 1660 680 1724 dixit
697 1661 855 1746 Iuppiter=

195 1757 361 1821 ‘honorem
379 1755 486 1820 fructu
503 1778 545 1819 ne
562 1755 726 1820 videamur
744 1756 900 1841 pendere?

195 1857 243 1914 ‘at
260 1850 472 1915 mehercules
490 1849 630 1915 narrabit
647 1850 733 1934 quod
749 1850 820 1935 quis
838 1850 984 1914 voluerit:

195 1944 279 2009 oliva
295 1943 386 2008 nobis
403 1956 530 2029 propter
547 1943 686 2008 fructum
703 1954 750 2009 est
768 1943 905 2030 gratior?

145 2051 178 2105 10
195 2050 271 2103 tunc
289 2039 334 2103 sic
351 2039 483 2103 deorum
501 2038 623 2124 genitor
641 2049 736 2122 atque
753 2039 916 2102 hominum
934 2048 1032 2103 sator:

195 2141 229 2197 ‘0
246 2143 330 2209 nata,
349 2133 460 2196 merito
477 2133 603 2218 sapiens
621 2132 725 2196 dicere
743 2132 904 2197 omnibusl

195 2227 255 2291 nisi
273 2226 348 2290 utile
366 2237 414 2290 est
432 2226 517 2309 quod
534 2225 678 2302 facimus,
696 2227 792 2290 stulta
810 2238 857 2290 est
874 2225 993 2311 gloria’

236 2320 322 2386 Nihil
340 2342 444 2405 agere,
461 2320 549 2404 quod
564 2341 629 2384 non
645 2320 754 2404 prosit,
771 2319 888 2386 fabella
905 2320 1060 2384 admonet

211 2585 341 2652 XVIII.
381 2581 509 2651 PAVO
531 2584 597 2650 AD
620 2583 835 2654 IVNONEM
855 2584 919 2649 DE
941 2583 1067 2653 VOCE
1090 2583 1196 2654 SVA.

236 2741 326 2804 Pavo
344 2739 384 2804 ad
401 2739 556 2804 Iunonem
574 2738 660 2804 venit
677 2739 806 2824 indigne
823 2740 938 2817 ferens,

195 2845 306 2900 cantus
323 2834 447 2898 luscinii
464 2834 549 2918 quod
567 2834 627 2897 sibi
644 2856 708 2898 non
726 2834 882 2911 tribuerit3

194 2930 283 2994 illum
302 2951 370 2993 esse
388 2928 507 2993 cunctis
525 2927 637 2999 avibus
655 2928 883 3006 admirabilem,

195 3045 229 3088 se
247 3023 391 3099 derideri,
410 3022 502 3087 simul
519 3043 557 3086 ac
574 3044 684 3087 vocem
701 3023 828 3087 miserit

160 3130 270 3184 btunc
288 3117 470 3184 consolandi
487 3117 590 3202 gratia
607 3117 685 3182 dixit
703 3118 776 3182 dea:

195 3213 266 3278 ‘sed
282 3212 385 3277 forma
402 3211 512 3288 vincis,
529 3211 629 3276 vincis
646 3212 878 3296 magnitudine3

194 3308 277 3371 nitor
294 3306 453 3391 smaragdi
471 3305 550 3371 collo
568 3306 747 3391 praefulget
763 3316 828 3383 tue,

193 3401 348 3487 pictisque
365 3401 470 3486 pinnis
488 3423 665 3486 gemmeam
684 3401 817 3464 caudam
836 3399 994 3485 explicas?

194 3502 272 3579 ‘quo
289 3495 353 3572 mi‚’
372 3495 484 3578 inquit,
503 3501 638 3559 ‘mutam
656 3495 804 3580 speciem,
822 3495 848 3560 si
866 3495 974 3559 vincor
992 3495 1099 3559 eono?'

144 3599 177 3652 10
194 3591 347 3654 ‘fatorum
365 3589 492 3653 arbitrio
513 3600 618 3674 partes
637 3600 710 3654 sunt
727 3589 816 3653 vobis
835 3589 940 3653 datae:

193 3683 251 3747 tibi
266 3684 380 3760 forma,
399 3683 481 3749 vires
500 3683 633 3765 aquilae,
652 3683 784 3747 luscinio
801 3683 911 3760 melos,

193 3777 361 3863 augurium
381 3798 484 3853 corvo,
502 3777 593 3841 laeva
611 3777 726 3841 cornici
745 3776 859 3852 omina,

194 3893 366 3954 omnesque
384 3871 515 3956 propriis
534 3881 607 3934 eunt
625 3880 789 3936 contentae
808 3869 953 3934 dotibus!

234 3966 307 4031 Noli
325 3966 484 4030 adfectare
501 3965 587 4048 quod
605 3965 662 4029 tibi
680 3987 743 4031 non
760 3975 808 4029 est
826 3964 945 4044 datum,

141 4069 176 4127 15
192 4060 303 4128 delusa
319 4081 360 4127 ne
378 4081 452 4149 spes
469 4060 510 4125 ad
527 4060 687 4143 querelam
705 4057 851 4125 reccidat.

252 4144 443 4240 A
