2544 4506
210 184 251 252 36
501 180 930 264 ancmmevme'vn

259 416 317 484 VI.
360 415 519 484 PVGNA
540 417 732 488 MVRIVM
752 420 813 488 ΕΤ
834 423 1170 496 MVSTELARVM.

253 559 337 626 Cum
355 563 429 628 victi
446 587 551 629 mures
569 568 775 632 mustelarum
793 571 933 638 exercitu

208 656 350 736 (historia
367 679 500 741 quorum
519 669 550 724 et
567 659 601 723 in
617 661 756 726 tabernis
773 663 928 750 pingitur)

205 751 353 836 fugerent
370 761 402 817 ct
418 763 502 817 artos
521 753 638 818 circum
656 756 849 841 trepidarent
866 781 970 838 cavos,

207 869 302 932 aegre
319 847 437 932 recepti
454 859 560 913 tamen
578 861 745 915 evaserunt
762 875 883 917 necem.

172 940 303 1006 educes
322 964 441 1019 eorum,
461 941 516 1025 qui
533 943 690 1027 capitibus
708 967 827 1010 cornua

205 1035 270 1100 suis
287 1036 432 1122 ligurant,
450 1047 486 1100 ut
503 1037 710 1123 conspicuum
727 1040 759 1103 iu
776 1041 895 1125 proelio

203 1128 356 1196 haberent
374 1132 510 1216 signum,
528 1132 614 1215 quod
632 1146 839 1218 sequerentur
854 1136 979 1213 milites,

203 1224 333 1291 haesere
350 1225 383 1289 in
399 1225 497 1310 portis
516 1238 651 1309 suntque
669 1229 753 1313 capti
771 1229 812 1292 ab
830 1230 987 1307 hostibus;

203 1340 283 1404 quos
300 1321 478 1384 immolatos
495 1321 595 1384 victor
613 1323 713 1387 avidis
732 1323 878 1388 dentibus

151 1427 186 1482 10
203 1415 326 1499 capacis
345 1414 407 1477 alvi
424 1415 532 1479 mersit
549 1425 686 1480 tartareo
705 1438 810 1502 specu.

246 1507 488 1591 Quemcumque
505 1510 658 1593 populum
676 1511 772 1575 tristis
791 1524 921 1577 eventus
940 1513 1063 1598 premit,

201 1603 394 1688 periclitatur
410 1603 595 1687 magnitudo
614 1605 791 1690 principum
796 1630 805 1682 3

201 1698 323 1762 minuta
339 1697 448 1783 plebes
466 1697 552 1762 facili
568 1699 725 1782 praesidio
744 1700 830 1765 latet.

516 1971 593 2040 v11.
637 1971 899 2040 PHAEDRVS.

242 2117 304 2194 Tu,
323 2117 387 2201 qui,
405 2128 528 2194 nasute,
546 2118 663 2203 scripta
680 2117 849 2203 destringis
867 2140 938 2183 mea

200 2224 232 2277 et
248 2211 309 2276 hoc
326 2212 467 2277 iocorum
484 2213 591 2297 legere
609 2212 731 2277 fastidis
750 2236 861 2298 genus,

200 2329 298 2392 parva
314 2305 456 2371 libellum
474 2306 592 2371 sustine
609 2308 771 2392 patientia,

200 2401 399 2466 severitatem
417 2401 528 2465 frontis
547 2401 623 2464 dum
640 2402 732 2486 placo
750 2413 833 2467 tuae.

164 2511 182 2565 5
199 2518 239 2560 eu
256 2496 290 2559 in
307 2497 445 2560 coturnis
463 2495 567 2581 prodit
584 2496 733 2580 Aesopus
751 2497 851 2560 novis.

242 2590 384 2654 ‘Vtinam
401 2612 461 2655 nec
478 2612 630 2672 umquam
648 2591 730 2654 Pelii
747 2589 883 2655 nemoris
901 2588 976 2674 iugo

198 2685 292 2770 pinus
310 2685 432 2770 bipinni
448 2684 636 2750 concidisset
654 2684 819 2761 Thessala,

198 2801 258 2844 nec
275 2779 316 2843 ad
333 2779 494 2864 professae
510 2779 620 2842 mortis
638 2779 791 2844 audacem
809 2778 893 2842 viam

198 2873 384 2939 fabricasset
402 2877 511 2959 Argus
530 2896 626 2959 opera
643 2872 788 2938 Palladia
804 2883 915 2948 ratem,

148 2984 182 3038 lo
198 2968 397 3053 inhospitalis
414 2969 516 3053 prima
532 2989 615 3050 quae
632 2967 722 3052 ponti
739 2967 826 3031 sinus
992 3039 995 3044 ,

199 3063 348 3148 patefecit
365 3063 398 3126 in
415 3061 587 3147 perniciem
606 3059 740 3126 Graium
758 3073 790 3126 et
807 3059 991 3126 barbaruml

198 3179 336 3241 namque
354 3168 385 3222 et
404 3156 532 3242 superbi
549 3156 639 3241 luget
656 3158 778 3221 Aeetae
796 3155 918 3230 domus,

199 3264 231 3316 et
247 3274 348 3337 regna
364 3250 474 3316 Peliae
492 3250 610 3315 scelere
627 3250 764 3315 Medeae
781 3251 893 3325 iacent,

199 3368 281 3430 quae
297 3368 428 3411 saevum
445 3345 609 3431 ingenium
627 3345 720 3409 variis
739 3344 902 3409 involvens
920 3343 1001 3408 dolis

149 3440 263 3504 taillia
279 3461 336 3524 per
352 3452 439 3504 artus
456 3439 563 3505 fratris
581 3439 731 3524 explicuit
747 3439 869 3524 fugam,

198 3534 250 3599 bic
267 3534 364 3598 caede
381 3534 478 3618 patris
496 3534 664 3599 Peliadum
681 3534 789 3598 infecit
807 3531 940 3596 manus'

241 3626 330 3708 Quid
347 3627 405 3691 tibi
422 3629 564 3693 videtur?
608 3627 667 3692 hoc
684 3650 811 3711 quoque
829 3626 984 3691 insulsum
1002 3636 1059 3699 cat,
1077 3625 1135 3703 ais,

198 3721 492 3806 falsoquedictun13
510 3722 606 3807 longe
623 3722 699 3804 quia
717 3721 869 3787 vetustior

200 3818 333 3902 Aegaea
350 3815 457 3880 Minos
475 3817 574 3881 classo
592 3815 772 3900 perdomuit
788 3815 870 3878 freta

148 3918 183 3972 20
201 3912 348 3994 iustoque
366 3910 534 3975 vindicavit
553 3910 698 3996 rxcnrplo
717 3908 886 3995 improbos.

199 4005 276 4090 quid
295 4027 371 4091 crgo
388 4027 518 4092 possum
536 4006 640 4072 tacere
658 4006 726 4083 tibi,
744 4006 842 4070 lector
860 4001 953 4080 Cato,
