2580 4506
507 266 680 322 PHAEDRI
696 268 935 326 FABVLARVM

416 440 457 505 V.
503 438 685 506 SCVRRA
707 440 767 505 ΕΤ
788 442 1024 511 RVSTICVS.

256 575 362 640 Pravo
379 575 487 640 favore
505 576 569 639 labi
587 577 734 641 mortales
752 579 853 643 solent

214 680 254 747 et,
273 691 330 754 pro
347 669 464 734 iudicio
483 669 558 733 dum
576 682 660 733 stant
678 672 790 734 erroris
808 673 868 748 sui,

213 763 254 828 ad
271 763 496 849 paenitendum
513 762 607 827 rebus
626 764 799 829 manifestis
818 767 880 850 agi.

254 857 411 922 Facturus
429 857 520 921 ludos
539 857 668 940 quidam
686 858 774 922 dives
790 860 906 924 nobilis

177 960 195 1014 5
211 951 371 1037 proposito
389 963 518 1016 cunctos
536 951 681 1015 invitavit
697 953 847 1036 praemi0,

211 1067 305 1128 quam
324 1045 457 1128 quisque
474 1056 580 1128 posset
598 1057 633 1108 ut
650 1046 823 1110 novitatem
842 1048 1037 1113 ostenderes

212 1161 326 1205 venere
345 1140 478 1203 artifices
496 1139 597 1203 laudis
617 1139 657 1202 ad
676 1141 860 1218 certamina3

211 1255 290 1316 quos
308 1234 390 1298 inter
407 1256 526 1310 scurra,
543 1245 637 1298 notus
656 1235 777 1299 urbano
796 1236 870 1313 sale,

210 1327 326 1393 habere
344 1329 423 1392 dixit
440 1351 474 1392 se
492 1351 592 1414 genus
611 1329 793 1413 spectaculi,

159 1432 192 1486 10
209 1424 296 1506 quod
312 1423 345 1486 in
363 1424 486 1487 theatro
503 1445 678 1505 numquam
695 1424 853 1508 prolatum
871 1425 960 1490 foret.

210 1517 370 1602 dispersus
388 1537 495 1580 rumor
513 1517 672 1580 civitatem
691 1518 835 1581 concitat.

208 1612 316 1697 paullo
335 1622 407 1675 ante
425 1633 526 1675 vacua
543 1611 670 1674 turbam
688 1610 837 1676 deliciunt
855 1612 933 1677 loca.

208 1707 241 1770 in
260 1728 375 1770 scaena
392 1728 467 1769 vero
484 1716 652 1790 postquam
670 1706 756 1769 solus
775 1706 913 1770 constitit

123 1840 125 1844 ι
209 1803 274 1865 sine
293 1802 456 1886 adparatu,
475 1800 568 1864 nullis
587 1800 794 1878 adiutoribus,

157 1902 190 1956 15
208 1896 366 1960 silentium
384 1896 452 1980 ipsa
468 1895 544 1960 fecit
563 1895 764 1979 exspectatio.

207 1991 259 2054 ille
277 1990 310 2053 in
328 1990 432 2053 sinum
448 2001 579 2074 repente
597 1989 721 2052 demisit
740 2000 834 2073 caput

208 2094 238 2148 et
256 2085 301 2148 sio
318 2084 447 2168 porcelli
464 2105 574 2148 vocem
593 2095 640 2148 est
656 2083 795 2147 imitatus
814 2107 881 2158 sua,

208 2201 317 2242 verum
334 2189 370 2241 ut
387 2178 517 2242 subesse
535 2178 630 2262 pallio
649 2177 873 2242 contenderent

208 2284 239 2337 et
257 2272 362 2336 excuti
379 2271 532 2335 iuberent.
578 2293 641 2354 quo
659 2271 744 2335 facto
763 2271 855 2336 simul

155 2371 189 2426 20
206 2366 283 2430 nihil
302 2376 349 2430 est
366 2378 534 2450 repertum,
551 2365 658 2429 multis
676 2377 808 2430 onerant
825 2364 972 2429 laudibus

207 2461 428 2543 hominemque
446 2461 560 2544 plausu
578 2471 811 2546 prosequuntur
827 2461 974 2524 maximo.

206 2556 266 2620 hoc
283 2556 361 2619 vidit
377 2555 445 2620 fieri
462 2557 606 2620 rusticus.
651 2562 729 2619 ‘non
746 2579 797 2620 mo
816 2555 958 2620 hercules

206 2673 257 2715 me
275 2649 399 2723 vincet,'
417 2649 532 2731 inquit:
552 2661 583 2714 et
601 2649 706 2713 statim
724 2650 884 2733 professus
903 2659 950 2714 est

205 2744 289 2809 idem
307 2744 464 2808 facturum
482 2744 593 2808 melius
611 2766 645 2808 se
662 2744 822 2828 postridie.

155 2845 188 2897 25
206 2839 240 2902 fit
257 2838 351 2901 turba
368 2837 477 2902 maior.
520 2838 584 2901 iam
602 2838 693 2901 favor
709 2850 830 2902 mentes
847 2848 942 2914 tenet,

206 2944 237 2997 et
255 2932 397 3007 derisuri,
415 2952 479 2995 non
497 2932 677 3016 spectaturi,
696 2932 815 2996 sedent.

205 3038 338 3109 uterque
354 3026 468 3111 prodit.
513 3049 620 3091 scurra
638 3027 807 3111 degrunnit
823 3026 908 3111 prior

206 3134 375 3205 movetque
392 3120 522 3206 plausus
541 3134 571 3185 et
589 3121 741 3186 clamores
760 3121 899 3185 suscitat.

207 3227 283 3280 tunc
301 3215 451 3278 simulans
470 3237 538 3279 sese
556 3215 749 3280 vestimentis
768 3216 903 3280 rusticus

155 3322 190 3377 30
206 3309 380 3395 porcellum
397 3309 545 3394 obtegere
564 3309 662 3392 (quod
678 3309 816 3374 faciebat
834 3310 962 3387 scilicet,

207 3404 274 3479 sed,
291 3403 325 3466 in
341 3403 446 3488 priore
463 3403 538 3486 quia
555 3403 599 3467 nil
617 3415 844 3488 compererant,
862 3405 987 3482 latens),

206 3497 349 3583 pervellit
367 3520 474 3563 aurem
491 3519 577 3575 vero,
595 3519 690 3580 quem
707 3498 873 3574 celaverat,

208 3602 239 3656 et
257 3613 329 3655 oum
346 3591 452 3657 dolore
469 3614 579 3658 vocem
597 3603 728 3656 naturae
746 3592 901 3676 exprimit.

208 3687 360 3750 acclamat
377 3686 523 3770 populus,
541 3709 681 3751 scurram
699 3688 797 3750 multo
815 3685 946 3750 similius

157 3794 191 3850 35
208 3780 374 3856 imitatum,
392 3791 423 3843 et
441 3781 526 3864 cogit
542 3781 694 3846 rusticum
712 3781 796 3844 trudi
813 3781 907 3844 foras.

209 3885 240 3939 at
257 3874 309 3939 ille
326 3873 445 3959 profert
462 3874 566 3958 ipsum
587 3877 760 3959 porcellum
778 3897 795 3938 e
814 3875 894 3950 sinn,

209 3980 394 4053 turpemque
412 3979 520 4052 aperto
538 3970 669 4054 pignore
687 3990 823 4034 errorem
840 3970 991 4054 probans:

209 4068 263 4128 ‘en
280 4061 331 4129 hic
349 4062 497 4142 declarat,
515 4063 624 4150 quales
643 4063 710 4130 sitis
727 4062 875 4130 iudicesl'
