2580 4506
493 287 696 350 APPENDIX

90 426 121 480 et
138 411 171 479 in
189 412 334 502 sepulcro
351 417 463 500 lugens
481 415 579 479 vitam
597 415 736 500 degeret,

89 511 205 573 claram
224 519 368 575 assecuta
385 519 433 574 est
450 509 567 574 famam
586 523 691 574 castae
710 510 849 596 virginis.

88 603 208 668 interea
226 604 336 669 sanum
353 603 408 686 qui
427 604 632 689 compilarant
649 603 744 680 Iovis,

89 697 174 761 cruci
193 698 299 762 suffixi
317 699 443 762 luerunt
460 720 579 784 poenas
597 698 729 762 numini.

89 791 201 855 horum
219 793 366 875 reliquias
383 813 424 857 ne
441 793 513 875 quis
530 802 637 877 posset
654 792 773 870 tollere,

89 885 235 950 custodes
253 886 368 950 dantur
384 885 499 950 milites
517 887 707 951 cadaverum

89 990 329 1044 monumentum
346 979 444 1056 iuxta,
462 980 576 1045 mulier
591 1001 656 1063 quo
674 1003 708 1045 se
725 980 904 1044 incluserat.

89 1073 259 1157 aliquando
279 1074 387 1138 sitiens
406 1096 488 1138 unus
506 1074 545 1138 de
564 1074 749 1139 custodibus

89 1189 203 1250 aquam
221 1168 347 1252 rogavit
363 1168 468 1232 media
485 1178 577 1232 nocte
596 1169 787 1244 ancillulam,

88 1283 171 1345 quae
188 1261 270 1326 forte
288 1262 433 1326 dominae
451 1273 527 1326 tunc
545 1262 717 1327 adsistebat
734 1284 810 1328 suae

89 1356 258 1419 dormitum
277 1356 378 1432 eunti3
396 1378 533 1439 namque
551 1357 773 1423 lucubraverat

88 1459 121 1514 et
137 1471 238 1533 usque
254 1449 290 1515 in
307 1471 412 1515 serum
429 1450 553 1534 vigilias
570 1451 771 1535 produxerat.

88 1544 220 1628 paulum
237 1544 366 1609 reclusis
384 1543 505 1608 foribus
523 1544 613 1609 miles
629 1545 780 1630 prospicit

88 1636 237 1721 videtque
256 1638 417 1722 egregiam
435 1637 517 1702 facie
533 1637 668 1722 pulchra
683 1637 844 1703 feminam.

89 1742 254 1817 corruptus
273 1731 396 1796 animus
413 1730 485 1795 ilico
504 1731 705 1796 succenditur

88 1825 249 1909 oriturque
267 1847 377 1891 sensus
395 1824 576 1909 impotentis
595 1826 760 1910 cupiditas.

89 1920 196 1984 sollers
215 1941 349 1984 acumen
365 1919 450 1983 mille
469 1941 579 1983 causas
597 1920 727 1996 invenit,

87 2035 145 2098 per
162 2034 241 2096 quas
257 2014 365 2078 videre
383 2023 490 2098 posset
507 2013 637 2078 viduam
655 2013 791 2098 saepius.

89 2107 247 2171 cotidiana
264 2119 358 2192 capta
376 2107 603 2172 consuetudine

88 2201 240 2286 paulatim
258 2201 342 2266 facta
359 2213 407 2265 est
425 2200 566 2266 advenae
584 2201 782 2278 submissior3

88 2316 163 2359 mox
181 2295 294 2360 artiore
311 2294 411 2359 vinxit
430 2295 569 2359 animum
589 2295 712 2380 copula.

88 2388 140 2453 hie
158 2389 234 2454 dum
251 2389 406 2453 consumit
422 2401 531 2453 noctes
549 2399 654 2453 custos
673 2389 818 2473 diligens,

89 2483 301 2547 desideratum
320 2494 365 2547 est
383 2505 497 2567 corpus
517 2505 556 2546 ex
574 2505 638 2547 una
655 2504 757 2547 cruce.

88 2576 232 2640 turbatus
249 2575 339 2640 miles
358 2577 477 2641 factum
496 2577 625 2661 exponit
642 2575 775 2640 mulieri.

88 2681 121 2734 at
139 2681 247 2735 saneta
264 2671 389 2736 mulier:
413 2677 492 2734 ‘non
511 2682 558 2735 est
575 2669 662 2753 quod
678 2668 811 2746 timeas,’
829 2668 883 2746 ait,

88 2765 210 2847 virique
228 2785 342 2849 corpus
361 2763 455 2827 tradit
473 2764 636 2848 figendum
655 2765 751 2840 cruci,

87 2881 128 2922 ne
146 2858 258 2924 subeat
275 2858 328 2922 ille
346 2880 466 2943 poenas
483 2857 714 2943 neglegentiae.

88 2953 134 3017 sie
151 2952 313 3039 turpitudo
330 2952 433 3017 laudis
450 2951 575 3017 obsedit
592 2952 707 3017 locum.

151 3155 246 3227 xlv.
289 3155 388 3225 DVO
411 3155 612 3225 IVVENES
635 3153 792 3233 PROOI,
816 3153 957 3221 DIVES
980 3154 1041 3219 ΕΤ

497 3274 693 3342 PAVPER.

190 3394 350 3464 [Fortrmam
360 3393 498 3449 interdum
508 3397 618 3463 praeter
631 3382 709 3464 spem
718 3390 875 3446 hominibus
887 3390 1002 3462 farere]

130 3519 237 3584 Vnam
255 3517 444 3603 expetebant
461 3515 616 3600 virginem
633 3516 764 3580 iuvenes
782 3514 861 3592 duo;

87 3613 162 3680 vicit
179 3613 319 3697 locuples
336 3634 437 3697 genus
455 3621 488 3675 et
504 3611 638 3674 formam
654 3609 812 3694 pauperia.

87 3722 123 3774 ut
139 3708 321 3793 nuptiarum
339 3706 441 3772 dictus
460 3705 587 3770 advenit
605 3704 682 3781 dies,

88 3825 208 3879 amans,
226 3800 364 3865 dolorem
382 3799 537 3883 quianon
554 3809 677 3882 poterat
693 3797 825 3883 perpeti,

87 3919 231 3962 maerens
248 3895 443 3980 propinquos
461 3893 591 3959 contulit
609 3914 643 3956 sc
660 3892 693 3955 in
711 3891 862 3967 hortulos,

87 3989 167 4076 quos
186 3990 269 4055 ultra
286 3988 381 4073 paulo
399 3987 474 4053 villa
491 3986 563 4053 ditis
581 3985 747 4072 splendida

87 4099 155 4155 erat
172 4095 340 4170 acceptura
358 4082 512 4169 virginem
531 4105 548 4148 e
566 4081 675 4146 matris
693 4081 775 4160 sinu,
