2580 4506
505 260 678 318 PHAEDRI
695 263 933 325 FABVLARVM

354 484 399 551 11.
443 485 602 552 RANAE
625 485 791 554 REGEM
803 489 1084 560 *PETIERVNOE

253 639 400 705 Athenae
418 661 491 704 cum
508 640 655 705 florerent
673 643 782 725 aequis
800 643 934 730 legibus,

210 755 328 819 procax
344 734 473 799 libertas
491 734 651 800 civitatem
668 736 795 802 miscuit

210 828 398 910 frenumque
416 827 510 893 solvit
526 828 694 914 pristinum
712 830 848 896 licentia.

209 921 261 986 hic
278 923 463 1007 conspiratis
481 922 655 988 factionum
673 924 814 1008 partibus

175 1029 192 1085 5
209 1038 313 1081 arcem
331 1027 484 1101 tyrannus
502 1028 636 1103 occupat
652 1018 845 1084 Pisistratus.

209 1135 283 1177 cum
300 1110 421 1177 tristem
439 1112 623 1177 servitutem
640 1112 750 1178 flerent
767 1113 867 1178 Attici

209 1207 285 1286 (non
302 1206 378 1288 quia
395 1205 530 1270 crudelis
548 1205 611 1283 ille,
630 1207 852 1290 sedquoniam
870 1232 967 1295 grave
985 1223 1032 1278 est

209 1323 302 1365 omne
319 1300 449 1365 insuetis
467 1303 560 1383 onus)
578 1312 610 1366 et
628 1301 804 1386 coepissent
822 1304 921 1387 queri,

208 1395 357 1480 Aesopus
374 1394 469 1459 talem
487 1407 556 1459 tum
573 1395 723 1462 fabellam
739 1397 868 1462 rettulit.

157 1499 191 1556 10
251 1489 361 1554 Ranae
379 1500 532 1574 vagantes
550 1488 656 1554 liberis
673 1490 842 1575 paludibus

208 1585 345 1649 clamore
363 1605 479 1668 magno
501 1605 610 1668 regem
626 1584 744 1668 petiere
762 1609 782 1649 a
799 1585 886 1664 Iove,

208 1679 263 1761 qui
280 1677 448 1742 dissolutos
466 1699 570 1744 mores
588 1678 620 1743 vi
638 1692 860 1764 compesceret.

208 1781 298 1858 pater
315 1772 445 1836 deorum
463 1771 530 1836 risit
548 1782 644 1856 atquc
661 1773 722 1837 illis
741 1773 827 1838 dedit

207 1888 343 1952 parvum
360 1866 508 1952 tigillum,
526 1867 658 1931 missum
676 1867 761 1950 quod
779 1868 883 1933 subito
901 1869 989 1934 vadis

158 1968 191 2023 15
208 1970 297 2026 motu
314 1981 455 2043 sonoque
473 1962 583 2025 terruit
600 1961 752 2047 pavidum
769 1983 880 2047 genus.

208 2055 269 2121 hoc
284 2076 423 2120 mersum
440 2055 516 2119 limo
535 2076 608 2120 cum
625 2056 736 2122 lateret
754 2055 882 2134 diutius,

207 2149 289 2216 forte
306 2172 371 2214 una
387 2149 481 2215 tacite
498 2149 618 2234 profert
636 2173 654 2216 e
673 2161 784 2235 stagno
803 2160 898 2236 caput

208 2255 239 2308 et
257 2245 418 2329 explorato
435 2266 510 2328 rege
529 2253 658 2309 cunctas
678 2254 797 2309 evocat.

207 2339 280 2403 illae
298 2338 409 2402 timore
426 2337 528 2422 posito
548 2338 690 2402 certatim
708 2338 859 2402 adnatant

155 2439 191 2494 20
208 2453 365 2518 superque
383 2432 505 2516 lignum
522 2431 616 2495 turba
632 2431 777 2517 petulans
796 2432 901 2497 insilit.

207 2527 292 2611 quod
310 2547 383 2591 cum
400 2526 619 2609 inquinassent
636 2527 721 2591 omni
739 2527 938 2605 contumelia,

207 2621 304 2685 alium
320 2632 469 2705 rogantes
485 2642 595 2704 regem
612 2619 725 2685 misere
744 2621 785 2684 ad
801 2620 921 2698 Iovem,

206 2714 325 2780 inutilis
343 2714 493 2798 quoniam
511 2726 603 2792 esset,
622 2715 677 2798 qui
695 2714 797 2779 fuerat
815 2715 915 2780 datus.

207 2821 275 2874 tum
292 2809 376 2874 misit
392 2809 453 2873 illis
470 2808 617 2894 hydrum,
636 2808 690 2891 qui
708 2809 801 2874 dentc
819 2830 931 2894 aspero

83 2932 88 2940 ⁴
154 2911 189 2967 25
207 2904 362 2989 corripere
380 2903 483 2988 coepit
499 2903 652 2988 singulas.
695 2901 812 2967 frustra
828 2925 939 2968 necem

206 2999 345 3085 fugitant
362 2997 491 3074 inertes3
509 3019 620 3064 vocem
637 2996 811 3082 praecludit
828 3009 940 3062 metus.

207 3093 315 3157 furtim
332 3092 429 3178 igitur
447 3092 523 3156 dant
539 3091 701 3157 Mercurio
718 3092 868 3156 mandata
886 3092 926 3156 ad
944 3092 1064 3169 Iovem,

206 3186 339 3252 adflictis
357 3197 393 3250 ut
411 3196 582 3251 succurrat.
626 3197 702 3250 tunc
719 3197 828 3250 contra
845 3185 935 3251 deus:

206 3281 297 3364 ‘quia
313 3279 458 3345 noluistis
476 3289 617 3345 vestrum
634 3278 736 3356 ferre,'
755 3280 866 3363 inquit,
886 3280 1029 3358 ‘bonum,

154 3382 188 3436 30
205 3376 324 3439 malum
341 3373 498 3458 perferte?
517 3411 558 3420 —
576 3379 647 3439 ‘vos
665 3395 801 3458 quoque,
820 3395 839 3439 ο
857 3373 961 3452 cives‚'
980 3375 1033 3451 ait,
1119 3393 1122 3398 ·

206 3469 280 3534 ‘hoc
299 3468 459 3543 sustinete,
478 3467 580 3533 maius
597 3490 638 3532 ne
657 3467 771 3546 veniat,
789 3467 928 3533 malum?

281 3715 344 3785 111.
388 3712 638 3784 GRAOVLVS
662 3712 900 3784 SVPERBVS
923 3713 983 3780 ΕΤ
1008 3714 1143 3784 PAVO.

246 3871 297 3935 Ne
314 3869 443 3955 gloriari
459 3868 557 3933 libeat
574 3868 685 3934 alienis
701 3868 792 3933 bonis

205 3986 327 4048 suoque
344 3962 449 4049 potius
467 3961 577 4027 habitu
597 3963 693 4028 vitam
712 3963 837 4048 degere,

202 4061 350 4149 Aesopus
367 4057 458 4122 nobis
477 4056 537 4124 hoc
556 4057 735 4145 exemplum
754 4057 903 4144 prodidit.
