2580 4506
500 213 674 269 PHAEDRI
692 213 931 273 FABVLARVM

435 492 497 556 III.
541 491 605 556 DE
628 492 783 559 VVLPE
805 491 866 557 ΕΤ
887 492 995 559 VVA.

249 655 350 719 Fame
367 664 475 719 coacta
493 655 604 739 vulpes
622 655 685 719 alta
702 656 735 718 in
753 655 845 720 vinea

207 773 304 813 uvam
321 749 489 834 adpetebat
507 749 636 812 summis
654 749 769 814 saliens
787 747 921 813 viribus:

208 866 305 927 quam
323 854 453 930 tangere
470 854 588 907 utnon
605 843 717 929 potuit,
736 843 899 908 discedens
918 843 975 907 ait:

208 938 364 1002 ‘nondum
383 949 507 1001 matura
525 947 585 1014 est3
604 937 677 1002 nolo
696 938 841 1001 acerbam
859 936 1003 1002 sumere!

172 1041 189 1094 5
250 1032 325 1113 Qui,
343 1033 448 1098 facere
465 1053 547 1116 quae
564 1054 629 1096 non
646 1042 788 1118 possunt,
807 1031 911 1095 verbis
930 1031 1064 1107 elevant,

207 1128 384 1192 adscribere
401 1127 462 1210 hoc
480 1126 640 1193 debebunt
658 1126 837 1212 exemplum
856 1127 926 1204 sibi,

468 1478 527 1546 IV.
571 1475 723 1557 EQVVS
745 1474 806 1541 ET
828 1473 960 1541 APuR.

248 1639 361 1723 Equus
379 1639 488 1704 sedare
506 1639 615 1703 solitus
634 1661 697 1723 quo
715 1640 819 1705 fuerat
837 1638 929 1715 sitim,

207 1736 282 1798 dum
301 1757 369 1799 sese
388 1757 463 1818 aper
480 1733 612 1810 volutat,
632 1734 770 1798 turbavit
787 1733 914 1798 vadum.

206 1830 279 1893 hinc
297 1841 365 1893 orta
381 1830 419 1893 lis
438 1839 494 1894 est.
539 1828 664 1913 sonipes
684 1829 782 1893 iratus
800 1829 866 1893 fero

207 1923 359 1988 auxilium
377 1923 466 2009 petiit
483 1923 633 2000 hominis3
652 1945 746 2007 quern
765 1923 858 1987 dorso
876 1925 983 1987 levans

172 2033 190 2087 5
206 2019 298 2084 rediit
315 2019 355 2082 ad
373 2019 505 2083 hostem.
548 2019 638 2083 iactis
656 2019 741 2082 hunc
759 2019 828 2082 telis
847 2039 943 2100 eques

205 2124 373 2198 postquam
391 2113 557 2190 interfecit,
576 2113 621 2177 sic
637 2113 761 2177 locutus
780 2111 926 2177 tradituri

207 2209 320 2272 ‘laetor
337 2207 446 2271 tulisse
464 2207 616 2271 auxilium
634 2231 685 2271 me
702 2206 849 2292 precibus
867 2207 945 2281 tuis;

206 2326 280 2366 nam
297 2302 448 2386 praedam
466 2303 536 2387 cepi
554 2313 584 2366 et
603 2301 707 2377 didici,
726 2323 822 2384 quam
840 2301 882 2365 sis
900 2298 1005 2364 utilis!

207 2408 302 2478 atque
320 2396 364 2459 ita
382 2396 487 2481 coegit
504 2397 609 2461 frenos
626 2396 761 2459 invitum
779 2394 853 2480 pati.

156 2496 189 2549 10
207 2502 274 2554 tum
292 2501 431 2554 maestus
448 2490 516 2554 ille:
535 2497 666 2575 ‘parvae
685 2488 856 2554 vindictam
873 2489 918 2553 rei

207 2585 283 2648 dum
301 2605 417 2667 quaero
437 2585 576 2661 demens,
595 2584 777 2648 servitutem
794 2582 937 2669 repperi’

168 2706 171 2711 ¹
248 2681 340 2742 Haec
357 2679 524 2743 iracundos
543 2678 725 2742 admonebit
742 2677 861 2754 fabula,

207 2773 336 2857 impune
355 2772 459 2857 potius
477 2773 560 2838 laedi
577 2794 673 2856 quam
692 2771 765 2836 dedi
784 2771 882 2836 alteri.

589 3105 630 3172 V.
675 3102 840 3168 POETA.

249 3258 329 3323 Plus
347 3280 416 3323 esse
432 3258 466 3322 in
483 3279 546 3322 uno
564 3280 658 3342 saepe
676 3280 770 3341 quam
790 3257 823 3320 in
840 3256 933 3321 turba
949 3254 1035 3332 boni,

208 3353 387 3417 narratione
403 3352 536 3438 posteris
554 3352 675 3416 tradam
694 3351 792 3416 brevi.

251 3445 392 3527 Quidam
410 3447 565 3511 decedens
585 3455 646 3510 tres
664 3446 790 3528 reliquit
807 3445 901 3509 filias:

208 3563 306 3604 unam
322 3539 492 3604 formosam
510 3551 541 3605 et
559 3539 658 3604 oculis
676 3551 843 3604 venantem
861 3537 944 3602 viros
950 3562 959 3615 3

174 3646 192 3702 5
210 3644 241 3698 at
258 3634 387 3697 alteram
405 3634 572 3711 lanificam,
590 3633 684 3718 frugi,
702 3633 866 3708 rusticam3

211 3730 357 3793 devotam
379 3728 452 3792 vino
471 3727 594 3792 tertiam
613 3739 644 3792 et
661 3728 882 3812 turpissimam.

209 3823 321 3887 harum
340 3833 445 3886 autem
462 3833 594 3887 matrem
611 3821 687 3887 fecit
703 3822 850 3886 heredem
868 3842 964 3884 senex

210 3916 270 3981 sub
288 3917 480 3993 condicione,
498 3926 597 3980 totam
613 3928 650 3981 ut
666 3917 825 3982 fortunam
843 3914 942 3978 tribus

211 4010 383 4096 aequaliter
400 4010 573 4088 distribuat,
592 4011 648 4076 sed
665 4011 720 4076 tali
737 4010 845 4075 modo:
