2580 4506
370 236 373 241 ’
482 216 599 274 LIBER
614 216 664 276 IV.

240 466 338 577 XIV.
382 468 446 535 DE
468 468 626 536 LEONE
649 468 911 537 REGNANTE.

110 616 196 684 Cum
214 643 248 686 se
265 621 404 696 ferarum
421 646 530 710 regem
547 623 674 689 fecisset
691 626 740 690 leo

62 722 98 778 et
117 715 397 801 aequitatis'vellet
414 718 532 782 famam
550 719 711 802 consequi,

62 829 86 871 a
103 807 237 892 pristina
255 811 383 876 deflexit
400 813 626 878 consuetudine

61 912 162 984 atque
179 904 260 968 inter
276 905 346 970 illas
364 908 451 971 tenui
469 919 634 972 contentus
653 907 723 972 cibo

62 1006 177 1061 sancta
193 998 376 1084 incorrupta
392 1001 462 1065 iura
479 1002 633 1067 reddebat
651 1002 722 1067 fide.

61 1101 235 1175 postquam
252 1093 359 1160 labare
378 1095 480 1180 coepit
498 1096 699 1182 poenitentia,

61 1901 85 1943 a
100 1878 228 1944 fictione
246 1879 359 1944 veretri
375 1880 519 1965 linguam
535 1881 684 1946 mulieris.

59 1971 261 2036 adfinitatem
278 1971 373 2036 traxit
389 1972 463 2038 inde
481 1975 679 2041 obscenitas!

107 2065 247 2152 Rogavit
263 2067 352 2142 alter,
369 2067 509 2133 tribadas
527 2080 559 2134 et
575 2070 686 2134 molles
703 2091 805 2134 mares

61 2182 149 2246 quae
165 2161 244 2225 ratio
261 2165 475 2246 procreasset?
510 2165 657 2249 exposuit
675 2187 785 2229 senex:

108 2257 213 2322 ‘Idem
230 2257 450 2335 Prometheus,
469 2270 578 2323 auctor
595 2259 684 2344 vulgi
701 2259 804 2323 fictilis

61 2352 133 2437 (qui
151 2352 244 2417 simul
261 2353 393 2418 offendit
411 2353 451 2417 ad
469 2353 639 2431 fortunam,
658 2355 837 2440 frangitur),

59 2460 196 2514 naturae
213 2459 328 2534 partes,
346 2458 434 2512 veste
452 2470 531 2531 quas
550 2449 632 2513 celat
648 2449 761 2534 pudor,

60 2566 138 2610 cum
157 2544 325 2629 separatim
342 2554 409 2607 toto
427 2544 568 2608 finxisset
586 2543 648 2620 die,

59 2650 174 2724 aptare
190 2661 265 2703 mox
281 2648 317 2702 ut
334 2648 440 2723 posset
458 2637 642 2722 corporibus
661 2637 735 2714 suis,

59 2734 105 2798 ad
124 2756 234 2800 cenam
252 2743 299 2798 est
315 2732 466 2797 invitatus
484 2732 588 2796 subito
607 2755 626 2795 a
643 2731 772 2796 Libero.

58 2829 121 2894 ubi
137 2829 290 2914 inrigatus
306 2828 406 2893 multo
424 2849 520 2892 venas
538 2837 665 2891 nectare

58 2944 133 2988 sero
151 2923 279 2987 domum
297 2934 345 2988 est
362 2944 505 2987 reversus
524 2920 672 2985 titubanti
689 2920 780 3004 pede.

57 3030 131 3083 tum
149 3017 339 3082 semisomno
358 3017 452 3081 corde
470 3027 502 3081 et
519 3037 623 3080 errore
642 3014 728 3078 ebrio

57 3111 216 3197 adplicuit
233 3112 386 3197 virginale
404 3110 514 3196 generi
532 3110 673 3173 masculo

57 3216 94 3271 et
111 3205 285 3270 masculina
302 3206 444 3270 membra
462 3204 609 3289 adposuit
625 3201 760 3266 feminis.

54 3300 106 3367 ita
123 3322 207 3366 nunc
223 3301 321 3366 libido
340 3322 438 3386 pravo
455 3298 570 3363 fruitur
588 3296 725 3384 gaudio!

240 3578 335 3650 XVI.
379 3581 443 3645 DE
467 3578 634 3645 OAPRIS
657 3577 899 3647 BARBATIS.

102 3736 243 3804 Barbam
260 3736 400 3822 capellae
418 3758 491 3800 cum
508 3735 728 3819 impetrassent
746 3735 786 3798 ab
804 3733 892 3813 Iove,

53 3834 139 3902 hirci
156 3843 330 3897 maerentes
348 3830 506 3916 indignari
524 3841 705 3914 coeperunt,

53 3930 145 4016 quod
163 3928 348 4015 dignitatem
366 3926 502 3990 feminae
521 3935 709 4008 aequassent
726 3947 826 3989 suam.

54 4022 186 4103 ‘sinita’
204 4020 420 4109 inquit,1‘illas
438 4019 539 4106 gloria
556 4041 638 4084 vana
654 4018 718 4084 frui
