2580 4506
492 317 665 377 PHAEDRI
681 318 920 378 FABVLARVM

349 527 462 595 XVII.
508 527 630 607 OVIS,
655 527 792 595 CANIS
814 528 874 594 ΕΤ
896 525 1057 596 LVPVS.

241 680 353 747 Solent
370 682 538 747 mendaces
556 683 642 748 luere
660 705 778 769 poenas
795 682 940 747 malefici.

242 773 461 841 Calumniator
479 778 519 841 ab
538 799 596 841 ove
615 799 687 850 cum
704 788 825 862 peteret
843 776 929 842 canis

199 891 293 952 quem
312 870 527 935 commodasse
544 893 661 956 panem
679 894 713 936 se
732 871 943 945 contenderet,

197 964 302 1049 lupus,
321 965 433 1029 citatus
451 966 549 1041 testis,
568 988 632 1029 non
649 989 748 1030 unum
766 966 860 1030 modo

163 1062 180 1117 5
200 1058 307 1124 deberi
325 1059 414 1135 dixit,
433 1082 543 1125 verum
561 1059 738 1125 adfirmavit
756 1058 875 1125 decem.

199 1153 266 1217 ovis
285 1154 434 1218 damnata
451 1154 531 1218 falso
549 1155 727 1219 testimonio

198 1247 284 1329 quod
301 1270 366 1311 non
384 1248 521 1313 debebat
538 1249 641 1313 solvit.
684 1258 757 1333 post
774 1268 891 1332 paucos
910 1245 976 1309 dies

199 1340 310 1406 bidens
328 1340 483 1407 iacentem
500 1343 533 1406 in
550 1342 644 1407 fovea
661 1341 825 1427 conspexit
842 1342 961 1425 lupum.

200 1432 313 1511 ‘haec'
331 1434 443 1518 inquit,
463 1441 597 1500 ‘merces
616 1435 736 1499 fraudis
755 1459 774 1499 a
792 1434 913 1518 superis
931 1430 1044 1496 datur!

365 1680 497 1750 XVIII.
541 1680 723 1750 MVLIER
744 1676 1045 1746 PARTVRIENS.

242 1834 275 1900 N
276 1858 346 1901 emo
364 1837 498 1902 libenter
515 1836 624 1902 recolit
642 1836 698 1918 'qui
714 1834 805 1900 laesit
822 1835 935 1899 locum.

243 1931 385 1996 Instante
403 1944 496 2016 partu
513 1931 628 1996 mulier
644 1930 721 1994 actis
739 1929 899 1994 mensibus

202 2022 290 2087 humi
307 2024 430 2089 iacebat
449 2025 568 2090 flebiles
586 2024 723 2108 gemitus
742 2023 834 2086 ciens.

202 2118 250 2181 vir
268 2129 315 2182 est
333 2117 486 2196 hortatus,
505 2141 619 2203 corpus
637 2119 719 2182 lecto
737 2117 899 2201 reciperet,
993 2118 996 2125 ’
1059 2166 1061 2171 .

166 2227 184 2282 5
202 2233 281 2275 onus
299 2224 429 2278 naturae
447 2214 558 2278 melius
577 2235 639 2296 quo
658 2213 837 2296 deponeret.

202 2305 365 2382 ‘minima'
384 2308 495 2390 inquit,
514 2307 581 2370 ‘illo
599 2329 692 2391 posse
711 2305 833 2369 confido
851 2305 921 2368 loco

201 2401 319 2464 malum
337 2401 430 2479 finiri,
448 2423 511 2485 quo
530 2412 716 2486 conceptum
734 2411 781 2465 est
799 2398 907 2463 initio!

402 2639 502 2704 XIX.
548 2638 687 2706 CANIS
709 2634 1014 2704 PARTVRIENS.

246 2784 376 2849 Habent
393 2784 522 2848 insidias
541 2783 676 2848 hominis
694 2782 865 2847 blanditiae
882 2780 971 2845 mali:

203 2899 281 2960 quas
300 2890 335 2943 ut
352 2879 497 2954 vitemus,
515 2900 625 2943 versus
644 2877 777 2942 subiecti
794 2886 932 2939 monent.

247 2971 344 3037 Canis
361 2973 537 3057 parturiens
556 2995 628 3037 cum
646 2982 789 3057 rogasset
807 2971 946 3044 alteram,

203 3078 237 3130 ut
256 3067 355 3131 fetum
373 3068 405 3131 in
424 3067 490 3132 eius
509 3068 635 3153 tugurio
654 3067 835 3152 deponeret,

170 3164 187 3218 5
204 3160 297 3225 facile
314 3161 506 3245 impetravit:
526 3161 598 3225 dein
615 3159 791 3245 reposcenti
808 3159 913 3223 locum

204 3277 312 3338 preces
331 3257 480 3332 admovit,
499 3267 623 3341 tempus
642 3277 775 3320 exorans
795 3254 899 3330 breve,

205 3348 280 3411 dum
297 3347 449 3414 firmiores
468 3349 588 3413 catulos
606 3358 711 3433 posset
728 3348 853 3412 ducere.

204 3440 264 3503 hoc
281 3462 407 3524 quoque
426 3454 610 3526 consumpto
628 3441 771 3526 flagitare
789 3439 922 3504 validius

205 3533 259 3596 ubi
278 3535 381 3618 coepit
397 3534 465 3600 illa:
485 3535 526 3600 ‘si
544 3535 621 3598 mihi
638 3545 669 3599 et
687 3534 798 3599 turbae
815 3555 904 3597 meae

154 3642 188 3694 10
205 3628 282 3711 par,’
300 3628 411 3711 inquit,
431 3635 513 3694 ‘esse
530 3628 679 3715 potueris,
698 3628 809 3694 cedam
825 3625 913 3691 loco.’

443 3865 524 3933 XX.
569 3866 720 3933 CANES
742 3862 981 3930 FAMELICI.

249 4010 389 4079 Stultum
407 4013 571 4079 consilium
588 4034 651 4078 non
668 4011 762 4077 modo
780 4010 895 4076 effectu
912 4019 1007 4086 caret,

205 4107 262 4173 sed
279 4107 320 4172 ad
337 4107 507 4192 perniciem
526 4127 653 4191 quoque
670 4106 818 4172 mortales
836 4106 978 4171 devocat.
