2580 4506
489 281 605 338 LIBER
620 283 642 338 I.

10 428 15 537 p
101 400 242 469 Tumens
259 403 347 469 inani
363 406 511 490 graculus
530 407 686 491 superbia,

57 518 191 583 pennas,
209 499 326 584 pavoni
342 520 424 583 quae
442 500 633 577 deciderant,
651 501 777 566 sustulit

10 542 15 657 l
58 611 156 674 seque
174 593 346 657 exornavit.
392 594 505 659 deinde
523 604 727 659 contemnens
745 618 818 659 suos

10 690 15 769 l
58 706 93 749 se
109 684 237 750 miscuit
254 709 414 772 pavonum
433 687 570 753 formoso
588 690 688 775 gregi.

10 776 15 869 ᾗ
56 776 104 842 illi
120 778 297 865 impudenti
314 803 433 866 pennas
452 782 589 868 eripiunt
605 782 657 847 avi

10 872 13 893 ¹
55 870 235 956 fugantque
252 875 370 939 rostris.
414 877 497 941 male
514 877 671 941 mulcatus
688 877 837 962 graculus

10 1034 13 1061 ἱ
56 965 160 1031 redire
177 990 320 1032 maerens
339 969 442 1053 ccepit
460 970 501 1034 ad
518 970 679 1055 proprium
696 993 797 1056 genus
803 995 812 1048 3

56 1081 159 1144 aquo
177 1063 322 1146 repulsus
341 1063 461 1140 tristem
479 1064 627 1129 sustinuit
643 1076 761 1129 uotam.

56 1165 126 1218 tum
144 1156 275 1238 quidam
293 1180 332 1220 ex
350 1157 421 1235 illis,
440 1179 519 1241 quos
536 1159 624 1244 prius
643 1160 842 1244 despexerat:

56 1254 240 1314 ‘contentus
257 1251 372 1315 nostris
391 1252 417 1316 si
435 1252 547 1316 fuisses
566 1252 693 1316 sedibus

57 1352 90 1408 et
108 1343 194 1426 quod
211 1354 325 1410 natura
342 1344 473 1411 dederat
490 1345 642 1411 voluisses
660 1346 735 1431 pati,
783 1342 786 1348 ⁴

57 1458 117 1501 nec
134 1437 222 1502 illam
239 1450 387 1524 expertus
405 1462 489 1505 esses
508 1442 730 1506 contumeliam

57 1551 117 1596 nec
134 1530 216 1596 hanc
233 1533 392 1617 repulsam
410 1545 465 1599 tua
482 1534 610 1600 sentiret
628 1535 810 1600 calamitas?

73 1869 135 1939 IV.
163 1867 301 1938 CANIS
320 1871 411 1939 PER
427 1872 641 1942 FLVVIVM
659 1874 853 1942 CARNEM
869 1872 1057 1943 FERENS.

100 2050 230 2117 Amittit
246 2052 358 2117 meritc
375 2053 538 2137 proprium
555 2054 610 2137 qui
628 2054 765 2120 alienum
783 2053 910 2139 adpetit.

100 2143 199 2210 Canis
216 2168 273 2231 per
289 2146 408 2211 flumen
426 2170 551 2213 carnem
569 2170 642 2213 cum
659 2148 755 2214 ferret
773 2159 894 2225 natans,

56 2239 259 2326 lympharum
276 2240 309 2304 in
327 2242 455 2325 speculo
473 2240 551 2305 vidit
569 2242 771 2308 simulacrum
789 2266 892 2320 suum,

57 2334 217 2417 aliamque
234 2333 385 2420 praedam
402 2334 443 2400 ab
462 2335 523 2400 alic
542 2357 619 2403 cane
637 2336 712 2402 ferri
729 2348 844 2421 putans

57 2427 179 2513 eripere
196 2428 308 2492 voluit:
327 2451 437 2494 verum
456 2428 588 2513 decepta
605 2430 738 2494 aviditas

57 2532 90 2588 et
108 2543 203 2605 quem
220 2521 349 2586 tenebat
366 2544 420 2588 ore
438 2521 557 2587 dimisit
574 2523 690 2599 cibum,

56 2638 116 2682 nec
134 2638 229 2700 quem
247 2616 375 2701 petebat
391 2616 494 2703 potuit
512 2616 606 2682 dente
624 2618 786 2703 attingere.

134 2949 175 3016 V.
220 2945 394 3026 VACCA‚
417 2944 653 3027 OAPELLA‚
676 2947 786 3017 OVIS
810 2949 871 3015 ΕΤ
892 2949 998 3017 LEO.

98 3126 283 3210 Numquam
301 3138 348 3191 est
364 3126 466 3192 fidelis
485 3149 557 3192 cum
573 3138 701 3214 potente
719 3129 865 3195 scc'ietas:

55 3231 189 3288 testatur
206 3221 285 3286 haec
302 3221 419 3287 fabella
436 3222 631 3308 propositum
649 3247 764 3288 meum.

98 3315 208 3382 Vacca
225 3327 257 3382 et
274 3317 395 3400 capella
413 3328 445 3380 et
461 3317 584 3401 patiens
602 3318 670 3382 ovis
687 3318 819 3383 iniuriae
888 3328 890 3332 '

56 3410 133 3475 sccii
151 3409 239 3475 fuere
257 3432 329 3475 cum
347 3412 437 3477 leone
454 3411 488 3475 in
507 3410 648 3476 saltibus.

54 3504 90 3568 hi
108 3526 180 3568 cum
197 3505 354 3590 cepissent
371 3527 499 3569 cervum
517 3506 599 3569 vasti
616 3506 764 3590 corporis,

55 3599 101 3662 sic
119 3607 168 3662 est
183 3598 307 3663 locutus
324 3599 466 3683 partibus
484 3598 575 3663 factis
592 3599 656 3663 leo:

55 3698 131 3778 ‘ego
147 3691 282 3777 primam
300 3693 386 3770 tollo,
404 3693 548 3757 nominor
565 3693 713 3776 quoniam
731 3695 795 3770 le03

55 3787 236 3863 secundam,
254 3786 329 3870 quia
347 3810 418 3852 sum
434 3786 534 3863 fortis,
552 3787 695 3852 tribuetis
712 3788 804 3865 mihi;

54 3891 133 3957 tum,
151 3880 227 3962 quia
244 3881 316 3964 plus
334 3882 434 3958 valeo,
454 3903 507 3945 me
525 3892 673 3963 sequetur
691 3881 795 3957 tertia3

53 3975 138 4038 malo
156 3972 329 4049 adficietur,
348 3973 461 4057 siquis
479 3984 624 4057 quartam
641 3973 808 4058 tetigeritl’

54 4067 100 4133 sic
116 4077 215 4132 totam
232 4067 382 4153 praedam
400 4067 467 4133 sola
484 4067 668 4155 improbitas
687 4068 824 4135 abstulit.
