2580 4506
479 211 595 269 LIBER
611 214 661 272 lv.

63 335 92 400 si
109 355 167 400 neo
185 335 320 401 fabellae
336 346 370 401 tc
386 335 497 401 iuvant
513 360 573 402 neo
591 337 737 404 fabulae?

62 430 130 494 noli
147 430 297 495 molestus
315 452 384 495 esse
403 431 530 497 omnino
547 431 668 509 litteris,

62 523 215 588 maiorem
234 524 403 590 exhibeant
420 549 460 590 ne
478 525 535 590 tibi
552 525 742 591 molestiaml
833 554 843 578 ο

107 620 181 684 Hoc
197 619 258 685 illis
277 621 396 685 dictum
414 630 471 697 est,
490 621 546 704 qui
564 621 695 686 stultitia
712 631 867 686 nauseant
1099 626 1134 680 25

63 723 105 788 et,
124 726 160 779 ut
176 725 327 798 putentur
344 737 466 801 sapere,
485 715 607 780 caelum
625 716 815 800 vituperant.

92 993 187 1060 VIII.
232 993 436 1062 SERPENS
459 994 525 1059 AD
548 995 744 1062 FABRVM
766 995 1051 1062 FERRARIVM.

106 1146 340 1214 Mordaciorem
358 1150 413 1234 qui
430 1150 575 1234 improbo
594 1151 687 1215 dente
705 1150 835 1235 adpetit,

60 1240 124 1305 hoo
141 1254 327 1327 argumento
345 1267 379 1308 se
397 1244 532 1308 describi
551 1246 674 1310 sentiat.

105 1337 145 1400 In
163 1337 322 1402 officinam
339 1338 421 1402 fabri
439 1339 525 1403 venit
543 1341 659 1424 vipera.

60 1430 141 1496 haec
160 1454 233 1496 cum
249 1444 426 1518 temptaret,
446 1434 472 1498 si
490 1456 620 1517 quares
639 1444 720 1498 esset
737 1435 810 1510 cibi,

59 1525 171 1590 limam
188 1527 365 1591 momordit.
409 1528 463 1592 illa
481 1539 589 1593 contra
607 1540 790 1593 contumax:

61 1620 157 1703 ‘quid
174 1622 244 1698 me‚'
262 1621 373 1707 inquit,
392 1622 511 1699 ‘stulta
530 1623 625 1688 dente
643 1635 750 1708 captas
768 1623 903 1699 laedere,

59 1737 156 1780 omne
174 1716 304 1781 adsuevi
320 1717 439 1782 sermm
457 1740 538 1802 quae
557 1718 761 1783 comodere?

290 1997 353 2064 nc
397 1997 579 2065 vvnrns
603 1945 663 2063 nr
686 1997 849 2066 curan.

104 2154 211 2218 Homo
227 2153 261 2217 in
278 2153 432 2238 periclum
450 2153 543 2217 simul
562 2175 599 2216 ac
616 2154 703 2217 venit
720 2153 862 2229 callidus,

57 2247 198 2333 reperire
216 2246 370 2333 effugium
388 2247 512 2331 quaerit
529 2247 656 2312 alterius
674 2249 767 2311 malo.

105 2341 188 2407 Cum
205 2341 372 2406 decidisset
390 2343 501 2426 vulpes
518 2341 551 2404 in
567 2352 699 2426 puteum
716 2342 817 2407 inscia

58 2449 92 2504 et
110 2437 220 2501 altiore
238 2437 436 2501 clauderetur
453 2437 607 2520 margine,

60 2531 188 2596 devenit
204 2531 310 2595 hircus
329 2531 436 2595 sitiens
455 2530 488 2594 in
507 2530 643 2595 eundem
660 2530 781 2607 locum;

57 2627 155 2693 simul
171 2627 304 2710 rogavit,
324 2638 406 2690 esset
423 2649 464 2689 an
482 2625 582 2689 dulcis
600 2625 703 2708 liquor

60 2734 93 2788 et
111 2721 274 2806 copiosus?
316 2720 370 2784 illa
387 2720 531 2785 fraudem
549 2720 695 2784 moliens:

58 2816 241 2892 ‘descende
259 2814 372 2890 amice3
391 2824 478 2879 tanta
496 2815 620 2878 bonitas
638 2825 686 2878 est
703 2835 815 2898 aquae,

58 2911 206 2995 voluptas
223 2920 259 2974 ut
277 2908 382 2972 satiari
399 2931 463 2973 non
479 2909 580 2993 possit
596 2909 688 2972 mea’

56 3005 188 3072 immisit
205 3027 239 3069 se
257 3004 418 3067 barbatus.
462 3014 530 3067 tum
548 3002 716 3086 vulpecula

58 3101 161 3167 evasit
177 3109 283 3184 pute0,
301 3097 376 3162 nixa
393 3097 484 3162 celsis
503 3096 660 3173 cornibus,

56 3194 244 3276 hircumque
262 3192 369 3257 clauso
386 3191 479 3275 liquit
495 3190 676 3256 haerentem
694 3189 784 3254 vado.

278 3478 325 3545 x„
368 3479 432 3544 nn
450 3478 591 3575 virus
612 3477 851 3545 HOMINVM.

101 3636 200 3703 Peras
217 3634 367 3720 imposuit
383 3633 526 3719 Iuppiter
543 3632 634 3696 nobis
653 3633 745 3696 duas:

54 3731 193 3821 propriis
211 3729 362 3814 repletam
380 3727 463 3791 vitiis
481 3737 553 3811 post
570 3737 695 3811 tergum
714 3725 809 3802 dedit,

55 3824 168 3892 alienis
187 3834 259 3887 ante
277 3832 387 3907 pectus
406 3821 570 3906 suspendit
588 3843 727 3906 gravem.

102 3921 174 3983 Hac
192 3941 225 3983 re
244 3917 350 3980 videre
367 3926 474 3979 nostra
491 3915 575 3978 mala
592 3936 656 3979 non
674 3934 855 3998 possumus3

55 4014 113 4085 alii
131 4013 223 4079 simul
242 4011 438 4096 delinquunt,
456 4031 600 4075 censores
619 4030 738 4073 sumus.
