2580 4506
207 259 249 329 56
499 275 928 335 runnnmrnnvnnnvu

251 399 391 480 Quidam
409 401 542 466 iuvenco
555 398 702 466 'vetulum
721 401 915 488 adiungebat
931 402 1056 468 bovem.

207 495 234 559 is
253 517 325 558 cum
343 495 503 579 refugiens
520 496 633 580 impari
652 494 732 559 oollo
749 497 860 581 iugum

208 589 319 653 aetatis
338 601 502 654 excusaret
519 591 601 655 vires
619 590 801 674 languidas:

207 691 284 748 ‘non
302 696 349 749 est
367 685 453 767 quod
469 684 602 761 timeas,'
620 683 722 766 inquit
738 685 785 749 illi
801 685 951 761 rusticus3

156 790 189 843 10
207 784 285 841 ‘non
302 789 337 842 ut
355 778 489 855 labores,
508 779 600 854 facio,
618 779 674 842 sed
691 789 727 842 ut
744 780 840 843 istum
858 779 976 855 domos,

206 872 260 956 qui
280 873 367 937 calce
385 884 415 937 et
434 895 533 939 cornu
548 873 664 937 multos
682 873 784 937 reddit
802 872 931 939 debiles.

206 965 263 1031 sed
280 977 315 1030 tu
333 966 393 1031 nisi
411 967 506 1030 istum
523 978 628 1031 tecum
646 967 772 1032 assidue
790 968 911 1032 detines

200 1061 360 1145 *feroxque
377 1061 541 1146 ingenium
560 1061 738 1145 comprimis
756 1061 932 1138 clementia,

206 1155 290 1232 vide,
308 1177 349 1218 ne
367 1157 494 1237 querela
512 1155 611 1219 maior
628 1168 786 1220 accrescat
804 1155 935 1220 domus!

155 1261 189 1314 15
248 1249 418 1314 Atrocitati
435 1249 644 1315 mansuetudo
662 1260 710 1314 est
726 1250 911 1314 remedium.

277 1453 342 1520 xr.
386 1453 600 1520 Ansorvs
618 1455 679 1519 nr
700 1453 878 1522 vroron
899 1452 1158 1523 ormmovs.
1226 1544 1229 1551 Ι

370 1571 525 1639 [Quomodo
537 1571 731 1643 comprimatur
743 1571 892 1642 aliquando
903 1571 1057 1640 iactantia]

248 1685 410 1752 Victorem
427 1685 509 1751 forte
526 1686 667 1771 gymnici
685 1686 863 1751 certaminis

206 1779 424 1844 iactantiorem
441 1801 514 1843 oum
532 1780 662 1845 vidisset
679 1779 790 1864 Phryx
809 1779 936 1865 sophus,

207 1873 422 1958 interrogavit,
442 1897 482 1937 an
500 1873 572 1958 plus
591 1873 789 1938 adversarius

207 1967 359 2032 valuisset
376 1968 462 2031 eius?
505 1968 572 2033 ille:
591 1975 646 2032 ‘ne
663 1968 748 2032 istud
766 1967 896 2032 dixeris!

173 2063 306 2126 smalto
324 2063 412 2126 fuere
430 2062 512 2126 vires
531 2062 665 2126 maiores
682 2062 792 2127 meae!

209 2156 329 2240 ‘quod'
347 2156 459 2238 inquit,
478 2163 578 2242 ‘erga
597 2158 701 2233 stulte,
720 2156 862 2220 meruisti
880 2155 986 2231 decus,

208 2250 311 2315 minus
330 2251 487 2313 valentem
505 2251 532 2313 si
549 2250 652 2314 vicisti
669 2250 798 2317 fortior?

208 2343 356 2409 ferendus
375 2365 471 2419 esses,
490 2343 571 2407 forte
593 2345 619 2407 si
636 2354 668 2408 te
687 2344 806 2408 diceres

208 2460 382 2523 superasse,
400 2437 456 2521 qui
475 2448 557 2502 esset
574 2438 684 2503 melior
701 2459 797 2521 quam
814 2447 850 2501 tu
867 2435 1006 2501 viribus!

425 2641 506 2706 XII
551 2641 719 2710 ASINVS
741 2641 808 2706 AD
831 2640 1006 2707 LYRAM.

346 2759 500 2828 [Quomodo
510 2758 624 2830 ingenia
636 2775 719 2830 saepe
732 2758 887 2813 calamitate
899 2756 1086 2827 Intercidant]

252 2882 373 2946 Asinus
390 2882 545 2947 iacentem
563 2880 641 2946 vidit
658 2882 691 2945 in
708 2893 799 2967 prato
816 2881 927 2965 lyram.

210 2976 342 3041 accessit
360 2988 391 3040 et
408 2976 574 3060 temptavit
590 2975 722 3040 chordas
740 2973 875 3060 ungula3

210 3093 343 3137 sonuere
360 3080 471 3134 tactae.
515 3069 613 3135 ‘bella
629 3093 694 3147 res3
713 3069 770 3134 sed
786 3090 838 3132 me
854 3066 997 3132 hercules

211 3165 292 3229 male
311 3164 424 3238 cessit‚'
443 3164 554 3246 inquit,
573 3163 663 3228 ‘artis
681 3163 756 3248 quia
774 3185 844 3226 sum
860 3161 996 3228 nescius.

176 3265 194 3320 5
211 3259 238 3322 si
254 3258 443 3344 repperisset
460 3257 573 3340 aliquis
591 3257 673 3322 hano
689 3256 882 3342 prudentior,

211 3353 325 3417 divinis
343 3375 435 3418 aures
453 3351 640 3417 oblectasset
657 3349 822 3416 cantibus!

255 3447 310 3513 Sic
328 3469 422 3532 saepo
438 3445 566 3530 ingenia
584 3447 761 3511 calamitate
778 3444 978 3510 intercidunt.

338 3650 437 3716 XIII.
480 3650 664 3718 MVLIER
685 3651 834 3717 VIDVA
855 3648 915 3713 ΕΤ
936 3646 1093 3713 Mltos.

381 3767 502 3837 [Quanta
514 3767 550 3821 sit
561 3766 745 3823 inconstantia
756 3773 784 3822 et
794 3765 881 3821 libido
893 3765 1057 3835 mulierum]

254 3884 318 3948 Per
336 3882 455 3964 aliquot
472 3905 570 3947 annos
588 3882 744 3966 quaedam
762 3882 911 3945 dilectum
928 3879 1031 3944 virum

213 3977 316 4042 amisit
333 3987 364 4042 et
382 3977 575 4064 sarcophago
593 3999 707 4062 corpus
727 3975 879 4052 condidit3

213 4096 232 4137 a
249 4093 312 4156 quo
329 4070 437 4137 revelli
454 4072 542 4137 nullo
560 4094 632 4137 cum
650 4081 757 4157 posset
774 4071 868 4135 modo
