2580 4506
206 265 247 333 58
500 281 930 342 rnannarraavnaavn

204 426 319 491 parum
336 405 442 490 ampla
459 406 492 469 in
509 407 588 472 urbe
606 407 674 471 visa
692 408 778 491 quod
795 409 899 472 fuerat
918 407 1040 472 domus.

205 522 324 585 pompa
342 499 526 585 explicatur,
544 502 638 566 turba
656 502 814 568 concurrit
832 503 990 586 frequens,

155 599 189 653 10
207 604 237 658 et
255 595 454 681 coniugalem
472 596 611 680 praefert
628 596 836 680 Hymenaeus
854 597 966 661 facem.

207 687 321 753 asellus
340 699 456 766 autem,
474 689 529 772 qui
548 690 669 754 solebat
686 691 818 776 pauperi

207 794 373 864 quaestum
390 782 517 860 referre,
536 783 640 848 stabat
658 794 767 868 portae
785 785 818 847 in
835 783 952 848 limine.

207 876 296 940 illum
315 878 439 961 puellae
457 899 533 941 casu
551 877 733 942 conducunt
750 879 809 955 sui,

207 971 277 1035 viae
295 970 419 1035 labores
437 981 561 1036 teneros
579 995 620 1036 ne
636 971 764 1036 laedant
782 972 889 1056 pedes.

156 1070 189 1125 15
206 1076 336 1149 repente
355 1067 477 1129 caelum
494 1066 629 1133 Veneris
647 1066 860 1131 misericordia

208 1159 309 1224 ventis
328 1170 482 1237 movetur,
500 1159 622 1225 intonat
639 1161 750 1224 mundi
767 1161 875 1244 fragor

207 1265 395 1336 noctemque
414 1254 518 1318 densis
537 1253 696 1318 horridam
716 1255 831 1318 nimbis
849 1254 945 1338 parit:

208 1348 263 1412 lux
280 1348 401 1433 rapitur
418 1349 516 1412 oculis
536 1360 567 1412 et
585 1348 678 1413 simul
696 1349 743 1413 vis
762 1348 924 1434 grandinis
950 1351 954 1360 '

209 1443 310 1508 effusa
328 1442 466 1528 trepidos
485 1443 603 1527 passim
621 1443 750 1508 comites
769 1443 909 1527 dissipat,

157 1542 192 1596 20
210 1537 270 1601 sibi
288 1558 445 1620 quemque
464 1560 580 1623 cogens
599 1548 705 1622 petere
723 1537 918 1622 praesidium
935 1536 1022 1622 fuga.

210 1631 325 1696 asellus
343 1644 454 1695 notum
470 1631 651 1716 proximum
668 1642 786 1696 tectum
804 1631 889 1695 subit

210 1738 241 1792 et
258 1748 336 1790 voce
354 1749 471 1810 magna
489 1748 557 1790 sese
575 1726 699 1790 venisse
716 1725 845 1790 indicat.

209 1833 398 1906 procurrunt
415 1821 516 1905 pueri,
533 1820 699 1905 pulchram
717 1819 875 1905 aspiciunt
891 1818 1046 1905 virginem

211 1925 243 1978 et
260 1915 469 1991 admirantum
488 1914 603 1979 deinde
621 1914 749 1978 domino
766 1913 922 1978 nuntiant.

158 2013 193 2068 25
210 2010 291 2073 inter
308 2007 431 2072 sodales
449 2009 502 2073 ille
518 2029 638 2094 paucos
657 2009 815 2073 accubans

212 2126 352 2168 amorem
371 2103 488 2168 crebris
506 2104 660 2167 avocabat
676 2103 809 2188 poculis.

212 2198 268 2263 ubi
285 2197 465 2263 nuntiatum
484 2208 540 2275 est,
558 2210 718 2263 recreatus
735 2196 861 2283 gaudiis

211 2291 355 2356 hortante
372 2291 500 2355 Baccho
519 2303 551 2355 et
567 2294 693 2358 Venere
711 2293 819 2357 dulces
836 2289 958 2377 perficit

212 2386 410 2470 aequalitatis
428 2386 509 2450 inter
526 2385 657 2470 plausus
674 2387 812 2471 nuptias.

160 2494 194 2547 30
212 2491 368 2563 quaerunt
384 2497 530 2565 parentes
548 2503 605 2565 per
621 2503 810 2566 praeconem
827 2479 938 2557 filiam3

123 2591 126 2598 ·
212 2597 313 2639 novus
331 2575 462 2638 maritus
480 2575 613 2660 coniuge
632 2576 747 2640 amissa
764 2575 858 2638 dolet.

213 2668 289 2751 quid
308 2680 390 2733 esset
408 2679 523 2745 actum,
541 2680 709 2753 postquam
725 2668 844 2754 populo
861 2665 1006 2743 innotuit,

214 2785 324 2827 omnes
342 2764 482 2828 favorem
502 2764 747 2848 comprobarunt
764 2762 920 2828 caelitum.

399 2992 478 3060 XV.
522 2991 735 3061 AESOPVS
757 2991 818 3058 ΕΤ
839 2988 1039 3056 DOMINA.

455 3111 556 3180 [Quam
566 3115 665 3166 noceat
677 3127 761 3180 saepe
772 3127 867 3165 verum
879 3110 992 3179 dicere]

258 3233 406 3318 Aesopus
424 3234 509 3318 turpi
526 3256 600 3298 oum
618 3233 748 3298 serviret
766 3232 913 3310 feminae,

215 3349 296 3411 quae
314 3350 348 3392 se
366 3328 566 3413 expingendo
584 3337 684 3392 totum
701 3328 861 3392 intricaret
878 3328 972 3404 diem,

215 3433 347 3499 uestem,
365 3422 507 3499 uniones,
526 3445 648 3497 aurum,
671 3433 837 3507 argentum
856 3431 1003 3498 sumeret,

215 3537 274 3579 nec
291 3513 444 3579 inveniret
462 3516 561 3601 digito
579 3515 634 3600 qui
652 3539 686 3581 se
703 3525 861 3600 tangeret:

181 3626 198 3680 5
216 3609 343 3674 ‘licetne
360 3609 502 3694 paucisi'
524 3609 635 3693 inquit.
680 3609 800 3674 ‘dicas'
845 3616 983 3687 ‘censeo,

216 3703 340 3786 quidvis
359 3704 486 3780 efficies,
506 3705 625 3769 cultum
643 3703 670 3768 si
687 3702 889 3789 deposueris?

216 3797 352 3862 ‘adeone
369 3798 478 3862 videor
495 3798 552 3862 tibi
569 3820 626 3884 per
643 3821 693 3864 me
711 3797 930 3863 meliusculaP'

217 3892 337 3968 ‘immo‚
355 3892 389 3955 ni
407 3893 540 3971 dederis,
559 3894 681 3978 sponda
699 3891 833 3958 cessabit
851 3890 926 3956 tua.'

216 3993 263 4052 ‘at
280 4009 344 4051 non
362 3988 531 4052 cessabunt
548 3988 666 4068 latera,'
684 3986 857 4073 respondit,
877 3983 967 4063 ‘tua,'

165 4088 199 4143 10
216 4090 247 4148 et
265 4080 426 4168 obiurgari
443 4082 532 4148 iussit
551 4105 677 4152 servum
693 4083 865 4170 garrulum.
