2580 4506
318 752 514 827 ursan
553 713 977 871 sucvunvs

512 952 713 1023 AVCTOR.

151 1105 315 1193 Exemplis
333 1108 509 1173 continetur
526 1109 648 1192 Aesopi
665 1131 766 1194 genus
772 1135 781 1186 3

106 1223 167 1265 nec
185 1201 271 1265 aliud
287 1201 457 1285 quicquam
475 1224 532 1287 per
548 1202 680 1267 fabellas
699 1202 870 1286 quaeritur,

108 1316 206 1376 quam
224 1296 398 1380 corrigatur
416 1318 502 1360 error
519 1307 555 1360 ut
571 1295 751 1360 mortalium

108 1399 264 1472 acuatque
282 1412 351 1453 sese
369 1390 502 1475 diligens
520 1389 684 1454 industria.

108 1481 300 1566 quicumque
317 1483 411 1548 fuerit
430 1505 505 1569 ergo
522 1483 670 1548 narrandi
687 1484 786 1562 iocus,

109 1577 186 1639 dum
205 1577 309 1661 capiat
327 1600 435 1642 aurem
453 1589 484 1642 et
502 1588 606 1642 servet
627 1578 824 1663 propositum
842 1600 946 1656 suum,

107 1691 143 1733 re
163 1671 409 1748 commendatur,
427 1693 491 1735 non
503 1672 645 1735 ¹auctoris
661 1671 798 1736 nomine.

109 1763 256 1846 equidem
274 1765 359 1829 omni
378 1788 454 1830 cura
470 1788 591 1830 morem
609 1766 743 1830 servabo
762 1766 859 1843 senis;

109 1858 166 1921 sed
184 1859 211 1922 si
227 1858 354 1924 libuerit
371 1859 490 1942 aliquid
507 1861 716 1945 interponere,

109 1952 265 2016 dictorum
283 1976 393 2017 sensus
411 1964 446 2017 ut
465 1954 598 2019 delectet
615 1955 760 2031 varietas,

109 2046 209 2110 bonas
226 2047 260 2110 in
277 2059 392 2131 partes,
410 2048 518 2124 lector,
537 2047 673 2132 accipias
692 2048 787 2111 velim
864 2038 878 2060 ⁰

108 2139 163 2215 ita,
182 2141 208 2204 si
225 2143 376 2226 rependet
393 2141 478 2206 illam
497 2143 633 2206 brevitas
651 2143 795 2227 gratiam.

153 2232 254 2299 Cuius
272 2236 406 2301 verbosa
423 2259 463 2301 ue
481 2236 521 2300 sit
539 2236 780 2313 commendatio,

110 2328 246 2405 attende,
265 2351 321 2393 cur
337 2352 454 2414 negare
473 2330 594 2415 cupidis
613 2329 740 2406 debeas,

108 2421 259 2487 modestis
278 2423 371 2488 etiam
390 2424 513 2502 offerre,
532 2423 617 2507 quod
634 2446 698 2488 non
715 2422 871 2510 petierint.

511 2688 726 2702 Μ

198 2906 226 2976 Ι.
269 2906 518 2984 IVVENCVS,
540 2905 636 2974 LEO
658 2907 718 2973 ΕΤ
740 2906 1036 2983 PRAEDATOR.

154 3063 259 3151 Super
276 3064 446 3129 iuvencum
464 3064 567 3128 stabat
585 3064 742 3128 deiectum
758 3065 818 3128 leo.

110 3161 277 3245 praedator
292 3158 460 3223 intervenit
478 3168 599 3242 partem
616 3158 789 3242 postulans.

112 3254 253 3330 ‘darem‚’
272 3253 384 3336 inquit,
404 3252 478 3317 ‘nisi
496 3252 612 3316 soleres
629 3275 686 3337 per
704 3262 735 3315 te
753 3252 905 3318 sumere't

110 3360 142 3413 et
159 3348 337 3433 improbum
354 3346 471 3412 reiecit.
514 3346 595 3411 forte
613 3345 760 3410 innoxius

109 3442 211 3507 viator
228 3453 276 3507 est
294 3439 448 3505 deductus
465 3440 499 3504 in
516 3438 651 3504 eundem
669 3440 774 3503 locum

109 3535 240 3618 feroque
257 3535 325 3599 viso
342 3534 461 3600 rettulit
478 3543 562 3598 retro
578 3533 702 3618 pedem.

109 3630 162 3694 cui
178 3630 322 3715 placidus
339 3629 406 3693 ille:
426 3635 503 3692 ‘non
522 3637 567 3692 est
585 3627 670 3709 quod
688 3624 819 3701 timeas,'
838 3624 896 3702 ait;

109 3725 190 3801 ‘sed,
209 3745 291 3806 quae
310 3723 441 3786 debetur
458 3744 531 3806 pars
549 3733 622 3786 tuae
640 3719 823 3795 modestiae,

109 3818 259 3883 audacter
277 3816 378 3882 tollel’
423 3827 498 3881 tunc
516 3815 616 3880 diviso
634 3827 759 3900 tergore

109 3913 203 3977 silvas
221 3911 342 3996 petivit,
360 3910 478 3974 homini
496 3921 532 3974 ut
549 3931 711 3974 accessum
729 3907 827 3973 daret.

151 4005 344 4090 Exemplum
362 4005 527 4090 egregium
544 4025 672 4088 prorsus
690 4012 723 4068 et
739 4000 913 4078 laudabile3

108 4121 219 4168 verum
237 4110 284 4166 est
302 4098 434 4163 aviditas
452 4098 540 4164 dives
560 4108 591 4164 et
607 4119 729 4185 pauper
744 4097 856 4183 pudor.
