2580 4506
524 285 640 342 LIBER
656 286 707 341 ΙΠ.

341 519 410 589 XV
411 568 419 585 .
465 518 602 586 CANIS
625 519 690 584 AD
712 517 893 587 AGNVM.

152 664 239 729 Inter
256 666 392 751 capellas
411 687 494 751 agno
511 666 632 751 palanti
650 666 751 731 canis:

109 759 240 835 ‘stulta'
258 760 370 843 inquit,
390 766 504 835 ‘erras3
523 781 587 824 non
606 770 653 824 est
669 760 730 824 hac
747 771 846 825 mater
863 763 939 838 tua,’

109 873 248 934 ovesque
267 864 451 938 segregatas
469 853 606 917 ostendit
622 854 741 938 procul.

51 998 52 1002 ,
108 951 189 1008 ‘non
206 946 294 1010 illam
312 968 440 1030 quaero,
458 969 550 1031 quae,
568 969 640 1012 cum
658 946 782 1011 libitum
800 958 858 1024 est,
877 949 1023 1036 concipit,

110 1040 183 1104 dein
201 1051 305 1124 portat
322 1063 402 1105 onus
419 1042 564 1127 ignotum
583 1041 675 1106 certis
692 1041 864 1119 mensibus,
1160 1052 1177 1105 5

109 1135 280 1200 novissime
298 1137 477 1221 prolapsam
496 1136 629 1203 effundit
648 1137 817 1213 sarcinam3
1245 1136 1248 1141 ’

109 1252 220 1294 verum
238 1231 334 1308 illam,
353 1253 434 1314 quae
451 1254 503 1295 me
519 1231 618 1299 nutrit
635 1230 762 1295 admoto
780 1232 878 1296 ubere

108 1323 299 1407 fraudatque
315 1336 406 1389 natos
423 1325 514 1401 lacte,
533 1346 573 1389 ne
591 1323 673 1388 desit
690 1324 787 1388 mihi!

109 1423 231 1482 ‘tamen
249 1418 303 1483 illa
321 1429 368 1483 est
385 1420 496 1503 potior,
517 1440 599 1502 quae
617 1430 649 1482 te
666 1418 807 1504 peperit?
852 1420 992 1503 ‘nonita
1010 1433 1066 1489 est.

108 1512 194 1577 unde
212 1513 266 1577 illa
283 1513 383 1590 scivit,
401 1515 491 1600 niger
509 1537 550 1577 an
568 1513 660 1578 albus
678 1515 842 1579 nascerer?

109 1629 170 1691 age
188 1629 296 1691 porro:
314 1629 424 1692 parere
442 1607 469 1672 si
487 1607 637 1673 voluisset
654 1607 815 1686 feminam,

109 1701 187 1783 quid
205 1701 399 1786 profecisset,
418 1724 490 1766 cum
508 1724 630 1767 crearer
647 1702 826 1767 masculus?

108 1795 298 1861 beneficium
314 1819 467 1882 magnum
485 1818 560 1861 sane
577 1796 674 1860 natali
692 1797 788 1873 dedit,

108 1901 145 1952 ut
163 1902 377 1975 exspectarem
395 1889 515 1955 lanium
532 1891 567 1954 in
583 1889 676 1954 horas
697 1889 852 1977 singulasi

109 1985 199 2048 cuius
217 1995 356 2070 potestas
373 1985 462 2050 nulla
478 1985 511 2048 in
529 1984 690 2070 gignendo
708 1984 778 2061 fuit,

109 2099 166 2142 cur
183 2079 243 2143 hac
261 2080 301 2143 sit
316 2079 428 2165 potior,
446 2100 528 2162 quae
545 2078 675 2143 iacentis
694 2078 833 2143 miserita
850 2089 898 2144 est

109 2172 299 2255 dulcemque
317 2182 428 2258 sponte
445 2183 583 2257 praestat
600 2172 864 2237 benivolentiam?

107 2267 186 2330 facit
202 2277 349 2352 parentes
366 2267 501 2344 bonitas,
519 2288 584 2330 non
601 2266 791 2331 necessitas.'

151 2361 212 2424 His
232 2362 445 2426 demonstrare
462 2361 562 2424 voluit
580 2370 688 2425 auctor
705 2360 859 2439 versibus,

105 2453 262 2520 obsistere
279 2455 422 2520 homines
439 2453 574 2539 legibus,
592 2454 711 2518 meritis
730 2453 810 2540 capi.

303 2702 399 2770 XVI.
443 2700 624 2768 CIOADA
645 2700 705 2766 ΕΤ
727 2699 929 2770 NOOTVA.

150 2857 351 2921 Humanitati
369 2855 424 2938 qui
442 2877 476 2920 se
492 2877 557 2920 non
575 2854 803 2931 accommodat,

108 2953 295 3037 plerumque
312 2973 431 3036 poenas
448 2950 570 3036 oppetit
587 2949 763 3035 superbiae.

152 3043 272 3110 Cicada
290 3045 439 3110 acerbum
456 3055 591 3108 noctuae
609 3042 786 3108 convicium

107 3138 256 3215 faciebat,
274 3139 384 3203 solitae
401 3138 521 3202 victum
537 3138 571 3201 in
588 3136 726 3202 tenebris
744 3158 895 3221 quaerere

108 3255 249 3316 cavoque
266 3255 354 3297 ramo
372 3254 485 3317 capere
502 3253 646 3295 somnum
663 3231 808 3296 interdiu.

107 3342 220 3412 rogata
232 3339 294 3405 est,
312 3338 348 3392 ut
365 3337 491 3391 taceret.
534 3327 634 3390 multo
652 3325 786 3390 validius

108 3421 245 3486 clamare
262 3421 375 3506 coepit.
419 3442 528 3484 rursus
546 3420 673 3484 admota
691 3441 785 3504 prece

107 3537 240 3580 accensa
256 3516 359 3600 magis
378 3525 434 3580 est.
478 3524 595 3579 noctua
611 3525 647 3579 ut
664 3513 743 3577 vidit
760 3513 821 3577 sibi

107 3610 230 3674 nullum
248 3632 316 3674 esse
335 3608 486 3673 auxilium
504 3618 535 3672 et
553 3608 651 3672 verba
667 3607 826 3672 contemni
843 3630 909 3686 sua,

106 3705 167 3769 hac
185 3715 234 3768 cst
250 3703 400 3789 adgressa
417 3702 577 3788 garrulam
594 3700 732 3765 fallacia:

107 3798 257 3862 ‘dormire
275 3798 350 3881 quia
367 3819 418 3861 me
434 3818 498 3860 non
517 3795 623 3859 sinunt
641 3804 751 3859 cantus
768 3794 826 3872 tui,

107 3915 220 3957 sonare
237 3892 389 3957 citharam
407 3913 484 3974 quos
502 3901 595 3975 putas
613 3889 782 3973 Apollinis,

107 3999 216 4073 potare
235 3997 282 4051 est
299 3987 422 4050 animus
440 3995 556 4061 nectar,
575 3983 661 4067 quod
677 3983 785 4047 Pallas
802 3983 879 4047 mihi

106 4104 208 4166 nuper
226 4080 368 4156 donavit3
387 4080 413 4144 si
430 4103 493 4144 non
510 4078 643 4156 fastidis,
661 4076 747 4155 veni3
