2580 4506
207 341 248 407 14
498 354 672 410 PHAEDRI
688 354 926 413 FABVLARVM

247 479 377 543 Asellus
395 499 471 563 apro
490 501 562 543 cum
581 479 692 544 fuisset
710 479 836 544 obvius:

114 648 116 657 Ι
172 579 189 632 5
206 573 328 649 ‘salve’
346 573 457 655 inquit,
476 573 608 638 ‘frater‘
652 574 704 639 ille
722 574 891 659 indignans
909 575 1054 660 repudiat

206 667 346 731 officium
364 677 394 732 et
411 667 544 748 quaerit,
563 689 620 732 cur
638 668 682 732 sic
700 669 825 733 mentiri
842 668 927 733 velit.

207 761 312 825 asinus
331 761 467 825 demisso
484 784 580 846 pene:
599 761 747 826 ‘similem
766 763 792 825 si
809 785 908 847 negas

206 855 262 918 tibi
280 877 331 918 me
350 877 428 932 esse,
447 865 531 919 certe
549 855 650 920 simile
669 867 714 920 est
732 856 792 919 hoc
809 866 910 920 rostro
928 856 1003 920 tuo'

207 972 292 1034 aper,
311 972 384 1013 cum
401 949 496 1014 vellet
513 950 617 1014 facere
634 972 823 1035 generosum
840 951 1003 1035 impetum,

156 1047 189 1101 10
205 1045 354 1128 repressit
371 1044 451 1107 iram
469 1054 513 1108 et:
532 1044 649 1108 ‘facilis
667 1044 807 1109 vindicta
826 1055 873 1109 est
890 1045 978 1121 mihi,

207 1138 263 1202 sed
280 1137 438 1222 inquinari
455 1136 528 1201 nolo
546 1138 663 1224 ignavo
681 1138 854 1224 sanguine’

257 1325 375 1390 XXX.
419 1325 579 1391 RANAE
602 1323 884 1392 METVENTES
907 1323 1173 1392 TAVRORVM

607 1443 824 1510 PROELIA.

248 1573 396 1639 Humiles
413 1573 568 1649 laborant,
586 1573 642 1636 ubi
660 1585 804 1659 potentes
823 1574 983 1638 dissident.

249 1668 340 1733 Rana
357 1669 391 1731 in
408 1667 523 1753 palude
541 1690 683 1753 pugnam
701 1680 862 1732 taurorum
880 1668 1019 1732 intuens:

208 1762 285 1827 ‘heu
302 1772 422 1845 quanta
438 1761 530 1825 nobis
548 1763 645 1826 instat
661 1761 845 1847 perniciesl’
864 1762 917 1826 ait.

207 1858 400 1940 interrogata
417 1856 457 1919 ab
476 1855 548 1932 alia,
567 1879 624 1920 cur
640 1854 701 1920 hoc
719 1856 847 1932 diceret,

173 1961 190 2015 5
208 1950 247 2015 de
264 1950 443 2035 principatu
461 1971 534 2014 eum
550 1949 598 2014 illi
616 1961 771 2015 certarent
789 1950 895 2036 gregis

207 2045 365 2130 longeque
383 2044 424 2107 ab
441 2044 518 2128 ipsis
537 2043 688 2128 degerent
706 2045 803 2107 vitam
821 2044 933 2107 boves:

209 2145 270 2203 ‘est
288 2138 380 2202 statio
399 2147 544 2222 separata
561 2160 598 2201 ac
616 2138 776 2202 diversum
794 2160 909 2222 genus3

208 2233 264 2297 sed
280 2232 391 2317 pulsus
409 2253 508 2317 regno
525 2232 662 2296 nemoris
680 2232 736 2315 qui
753 2229 938 2316 profugerit,

207 2325 332 2412 paludis
350 2326 384 2388 in
402 2336 522 2389 secreta
540 2325 645 2389 veniet
661 2325 795 2389 latibula

158 2433 192 2488 10
210 2432 241 2486 et
258 2421 454 2505 proculcatas
473 2418 595 2483 obteret
613 2419 691 2483 duro
709 2419 799 2504 pede.

208 2516 252 2579 ita
270 2525 365 2599 caput
383 2513 424 2578 ad
440 2523 583 2577 nostrum
601 2513 688 2578 furor
705 2513 831 2578 illorum
848 2511 1002 2596 pertinet.'

348 2707 484 2773 XXXI.
529 2708 709 2776 MILVVS
733 2709 792 2772 ET
816 2706 1084 2777 COLVMBAE.

252 2847 319 2928 Qui
337 2868 369 2910 se
389 2845 554 2910 committit
571 2845 689 2909 homini
707 2845 875 2910 tutandum
893 2845 1047 2931 improbo,

211 2942 328 3006 auxilia
346 2940 421 3003 dum
439 2939 578 3022 requirit,
598 2940 728 3004 exitium
747 2941 875 3005 invenit.

253 3034 430 3099 Columbae
448 3056 543 3118 saepe
561 3056 634 3099 cum
652 3034 808 3117 fugissent
826 3034 958 3097 miluum

122 3157 127 3166 ·
211 3142 242 3194 et
260 3129 418 3194 celeritate
434 3149 556 3212 pennae
574 3128 724 3192 vitassent
742 3150 863 3202 necem,

178 3231 195 3284 5
212 3225 376 3289 consilium
394 3235 501 3307 raptor
518 3223 611 3287 vertit
629 3223 669 3286 ad
687 3222 846 3286 fallaciam

212 3330 244 3384 et
260 3340 360 3403 genus
378 3316 496 3380 inerme
514 3317 570 3381 tali
588 3317 710 3401 decepit
729 3317 815 3381 dolo:

213 3421 325 3495 ‘quare
343 3410 510 3475 sollicitum
528 3410 632 3495 potius
651 3434 764 3475 aevum
782 3411 906 3487 ducitis,

212 3529 308 3590 quam
325 3528 434 3590 regem
451 3528 502 3569 me
521 3505 632 3569 creatis
649 3505 712 3570 icto
730 3505 867 3581 foedere,

213 3601 268 3683 qui
285 3622 342 3664 vos
361 3598 401 3663 ab
419 3599 504 3663 omni
522 3610 605 3663 tutas
623 3611 779 3683 praestem
797 3599 942 3663 iniuria?’

162 3695 284 3764 luillae
303 3693 466 3758 credentes
484 3693 611 3756 tradunt
629 3716 696 3758 sese
714 3693 829 3770 milu03

213 3790 267 3872 qui
285 3810 419 3873 regnum
437 3787 569 3871 adeptus
588 3787 691 3872 coepit
708 3787 794 3852 vesci
812 3787 951 3871 singulas

214 3894 244 3947 et
262 3904 408 3947 exercere
425 3881 593 3967 imperium
610 3881 712 3946 saevis
730 3878 900 3965 unguibus.

213 3988 288 4042 tunc
307 3977 346 4040 de
363 3975 488 4040 relicuis
506 3999 583 4039 una:
603 3976 727 4040 ‘merito
745 3974 919 4058 plectimur,

213 4091 295 4156 quae
313 4080 452 4135 nostram
470 4069 567 4134 vitam
585 4070 640 4132 tali
659 4067 848 4133 credidimus
867 4065 959 4133 duci.'
