2580 4506
524 261 641 318 LIBER
656 261 709 319 ΙΙΙ.
1077 248 1125 313 ι31

158 450 258 516 XIX.
302 450 514 519 AESOPVS
537 451 815 520 RESPONDET
839 450 1075 521 GARRVLO.

150 580 300 667 Aesopus
319 581 446 645 domino
464 583 548 646 solus
568 605 640 646 cum
659 593 742 648 esset
759 583 890 662 familia,

105 696 218 758 parare
237 697 347 740 cenam
364 675 469 739 iussus
488 687 535 740 est
553 677 716 741 maturius.

106 768 215 854 ignem
234 791 309 855 ergo
328 791 492 853 quaerens,
512 770 631 854 aliquot
647 771 793 836 lustravit
810 771 923 835 domus

106 863 299 946 tandemque
316 863 447 940 invenit,
466 864 522 928 ubi
539 865 701 929 lucernam
718 862 916 930 accenderet

106 967 176 1020 tum
194 957 312 1020 circum
330 957 417 1021 eunti
434 957 538 1021 fuerat
555 958 641 1041 quod
658 958 718 1023 iter
735 959 873 1043 longius,

107 1049 213 1114 effecit
230 1050 370 1115 brevius:
389 1073 526 1135 namque
545 1062 632 1117 recta
649 1075 706 1137 per
723 1053 827 1116 forum

107 1144 212 1228 coepit
229 1145 341 1209 redire.
386 1159 417 1210 et
434 1146 564 1228 quidam
582 1168 622 1211 ex
639 1147 734 1210 turba
750 1148 912 1233 garrulusz

108 1240 262 1323 ‘Aesope,
281 1239 384 1304 medio
403 1241 469 1304 solo
487 1240 564 1324 quid
582 1263 654 1304 cum
672 1241 822 1304 lumine?

107 1331 302 1410 ‘hominem'
320 1334 432 1417 inquit,
450 1335 604 1416 ‘quaero'
623 1344 654 1398 et
672 1335 749 1398 abiit
767 1335 919 1400 festinans
938 1335 1076 1399 domum.

150 1427 224 1492 Hoc
241 1428 269 1491 si
285 1428 434 1492 molestus
452 1428 504 1492 ille
522 1429 564 1492 ad
581 1428 721 1492 animum
740 1429 869 1506 rettulit,
1147 1435 1181 1490 10

107 1522 206 1585 sensit
223 1521 364 1605 profecto
383 1546 416 1588 se
434 1522 594 1587 hominem
611 1545 677 1587 non
694 1523 799 1587 visum
817 1524 894 1600 seni,

106 1615 329 1701 intempestive
351 1616 406 1700 qui
424 1627 579 1702 occupato
598 1617 758 1682 adluserit.

515 1813 726 1826 *-

532 1950 702 2018 POETA.

153 2079 332 2165 Supersunt
350 2077 428 2142 mihi
445 2100 527 2162 quae
545 2080 692 2156 scribam,
711 2079 767 2144 sed
783 2101 880 2164 parco
898 2077 1014 2157 soiens3

107 2173 247 2260 primum
265 2197 334 2239 esse
352 2173 518 2238 videatne
535 2175 593 2238 tibi
610 2174 781 2250 molestior,

108 2268 268 2354 distringit
285 2291 380 2352 quem
397 2270 567 2334 multarum
585 2292 689 2334 rerum
708 2268 857 2344 varietas3

109 2363 184 2427 dein
202 2364 228 2427 si
246 2363 316 2446 quis
334 2362 446 2427 eadem
462 2363 544 2429 forte
562 2364 669 2428 conari
686 2362 772 2439 velit,

108 2457 227 2521 habere
244 2468 280 2520 ut
297 2457 396 2542 possit
413 2457 532 2541 aliquid
549 2457 652 2542 operis
670 2456 802 2521 residui:

109 2551 255 2634 quamvis
273 2551 423 2616 materiae
441 2560 529 2616 tanta
547 2551 688 2616 abundet
705 2549 807 2635 copia,

108 2645 212 2710 labori
229 2645 319 2710 faber
336 2654 372 2708 ut
390 2645 480 2721 desit,
498 2667 562 2710 non
579 2645 670 2708 fabro
689 2644 789 2707 labor.

109 2739 258 2804 brevitati
274 2749 400 2803 nostrae
418 2739 595 2822 praemium
611 2750 647 2802 ut
664 2738 789 2812 reddas,
806 2747 891 2823 peto,

110 2833 197 2917 quod
216 2856 248 2898 es
266 2833 438 2918 pollicitus:
458 2833 572 2898 exhibe
590 2832 676 2896 vocis
695 2831 802 2896 fidem.

109 2951 186 2992 nam
204 2927 269 2991 vita
285 2926 379 2990 morti
396 2927 524 3011 propior
542 2936 589 2993 est
607 2925 731 3002 cotidie,

110 3032 143 3087 et
160 3021 221 3085 hoc
237 3021 342 3085 minus
359 3020 522 3106 perveniet
539 3020 580 3085 ad
598 3043 649 3084 me
666 3018 816 3096 muneris,

110 3136 176 3200 quo
193 3115 265 3200 plus
284 3125 447 3179 consumet
464 3113 614 3199 temporis
633 3113 752 3177 ditatio.

110 3210 140 3276 si
158 3210 219 3275 cito
237 3231 304 3274 rem
322 3231 466 3294 perages,
484 3232 562 3273 usus
579 3209 634 3273 fiet
649 3207 782 3293 longior.

113 3302 216 3391 [fruar
234 3303 362 3381 diutius,
381 3305 406 3367 si
424 3303 557 3368 celerius
577 3299 716 3387 cepero]

109 3399 293 3485 languentis
311 3398 381 3463 aevi
400 3399 475 3461 dum
494 3407 568 3461 sunt
585 3397 710 3480 aliquae
728 3394 889 3479 reliquiae,

111 3493 227 3559 auxilio
245 3493 334 3557 locus
353 3502 413 3556 est:
433 3491 507 3556 olim
526 3489 613 3556 senio
632 3490 770 3554 debilem

111 3587 230 3652 frustra
248 3587 397 3651 adiuvare
414 3586 539 3649 bonitas
557 3585 675 3649 nitetur
692 3595 757 3660 tua,

112 3704 187 3745 cum
204 3681 268 3744 iam
285 3680 412 3744 desierit
431 3702 499 3743 esse
518 3677 707 3742 beneficium
724 3675 801 3740 utile

113 3787 145 3840 et
162 3797 246 3839 mors
264 3774 366 3839 vicina
384 3773 539 3858 flagitabit
557 3772 708 3836 debitum.

113 3871 245 3934 stultum
264 3869 432 3933 admovere
449 3867 507 3930 tibi
525 3888 633 3952 preces
652 3864 807 3940 existimo,
897 3894 907 3909 ⁴

112 3963 262 4051 proclivis
278 3964 360 4027 ultro
379 3984 452 4026 cum
470 3961 510 4025 sit
527 3958 750 4025 misericordia.

114 4080 210 4143 saepe
228 4055 409 4143 impetravit
425 4055 551 4120 veniam
569 4053 732 4120 confessus
749 4072 836 4116 reuse
