2580 4506
495 284 611 340 LIBER
627 286 663 343 V.

66 407 262 473 eonstantior
280 407 423 486 fuissem,
441 431 515 474 vera
533 409 727 475 existimans.

65 524 155 566 nuno
172 503 272 566 conde
289 502 408 568 ferrum
426 514 457 567 et
474 504 617 590 linguam
633 503 751 589 pariter
767 504 899 584 futilem,

66 607 106 660 ut
122 596 224 681 possis
242 597 320 662 alios
337 597 519 682 ignorantes
537 598 658 664 fallere.

67 711 141 776 ego,
160 691 214 774 qui
232 715 303 755 sum
321 702 479 777 expertus,
498 692 622 777 quantis
640 693 744 778 fugias
762 694 892 773 viribus,

66 785 146 860 seio,
164 807 260 868 quam
277 786 385 851 virtuti
403 787 524 851 nonsit
542 787 734 853 eredendum
752 789 846 853 tuae!

112 878 164 942 Illi
182 879 341 965 adsignari
359 881 453 946 debet
470 880 549 946 haee
566 881 714 959 narratio,

66 973 176 1057 quire
195 975 333 1040 secunda
351 976 441 1040 fortis
460 985 518 1053 est,
536 976 633 1041 dubia
650 975 759 1062 fugax.

293 1289 355 1356 ΠΙ.
400 1289 584 1359 CALVVS
608 1290 668 1356 ET
689 1290 861 1358 MVSCA.

113 1440 206 1509 Calvi
223 1444 391 1508 momordit
408 1467 517 1510 musea
533 1445 688 1510 nudatum
707 1457 815 1531 caput3

64 1560 165 1622 quam
183 1540 360 1624 opprimere
378 1550 507 1624 captans
525 1539 649 1625 alapam
667 1540 728 1605 sibi
746 1541 835 1605 duxit
852 1565 992 1627 gravem.

65 1643 146 1696 tune
161 1633 216 1697 illa
232 1633 385 1698 inridens:
405 1640 572 1719 ‘punotum
590 1636 727 1699 volueris
745 1638 896 1720 parvulae

65 1726 197 1792 voluisti
214 1739 313 1793 morte
330 1727 439 1792 uleisoi
444 1753 453 1806 3
473 1728 549 1812 quid
565 1728 663 1793 facies
681 1729 748 1806 tibi,

65 1820 201 1886 iniuriae
220 1821 275 1905 qui
292 1821 448 1887 addideris
467 1823 721 1887 contumeliami'

65 1916 243 2001 respondit:
262 1922 400 1981 ‘meeum
418 1917 510 1982 facile
528 1917 622 1982 redeo
639 1918 673 1982 in
691 1917 836 2002 gratiam,

68 2010 146 2093 quia
160 2031 224 2074 non
241 2010 340 2075 fuisse
356 2021 493 2075 mentem
511 2010 657 2076 laedendi
675 2011 749 2075 seio.

70 2103 129 2168 sed
145 2109 185 2182 te,
203 2105 374 2190 contempti
391 2105 517 2189 generis
536 2105 652 2170 animal
670 2106 860 2190 improbum,

68 2219 152 2281 quae
169 2197 333 2263 delectaris
350 2197 459 2264 bibere
476 2199 651 2263 humanum
670 2199 867 2284 sanguinem,

67 2303 175 2376 optem
192 2314 305 2357 necare
323 2292 374 2358 vel
390 2293 508 2358 maiore
526 2293 745 2358 incommodo?

110 2387 184 2450 Hoe
202 2398 424 2472 argumentum
442 2388 535 2453 venia
553 2387 662 2451 donari
681 2387 783 2463 docet,

65 2480 124 2564 qui
141 2502 216 2544 casu
233 2492 353 2566 peceat.
396 2505 471 2546 nam
489 2482 543 2566 qui
561 2481 691 2547 oonsilio
710 2491 757 2546 est
773 2503 902 2559 nocens,

64 2573 158 2640 illum
176 2597 244 2640 esse
262 2577 374 2658 quavis
392 2577 524 2662 dignum
540 2597 644 2661 poena
660 2575 776 2640 iudico.

245 2891 305 2957 IV.
348 2889 515 2960 ASINVS
539 2891 599 2956 ET
621 2888 910 2959 PORCELLVS.

111 3042 251 3126 Quidam
268 3045 460 3110 immolasset
478 3068 600 3110 verrem
618 3067 690 3110 eum
708 3055 816 3111 saneto
834 3047 977 3125 Hereuli,

65 3138 120 3204 eui
136 3161 194 3223 pro
211 3140 312 3223 salute
330 3151 439 3204 votum
457 3140 593 3205 debebat
611 3163 679 3217 sua,

65 3233 165 3298 asello
181 3232 273 3297 iussit
289 3234 438 3318 reliquias
454 3235 529 3320 poni
547 3233 664 3299 hordei.

65 3349 148 3412 quas
166 3338 349 3412 aspernatus
366 3329 420 3393 ille
438 3330 483 3394 sio
499 3329 623 3394 loeutus
642 3338 702 3393 est:

66 3430 171 3486 ‘tuum
189 3421 323 3488 libenter
338 3444 467 3508 prorsus
486 3422 666 3508 adpeterem
684 3421 800 3499 eibum,

64 3515 138 3592 nisi,
158 3517 213 3599 qui
229 3515 365 3582 nutritus
382 3517 436 3581 illo
455 3529 512 3594 est,
530 3518 691 3602 iugulatus
709 3515 810 3581 foret!

109 3610 217 3674 Huius
234 3622 378 3696 respectu
396 3611 524 3676 fabulae
542 3611 708 3676 deterritus

64 3705 279 3793 periculosum
297 3727 421 3791 semper
438 3705 535 3770 vitavi
552 3706 685 3770 luorum.

66 3799 126 3866 sed
143 3799 241 3865 dices:
263 3799 331 3883 ‘qui
347 3823 480 3885 rapuere
499 3800 633 3875 divitias,
652 3797 789 3863 habent!

66 3907 283 3959 ‘numeremus
302 3894 448 3979 agedum,
467 3894 521 3978 qui
540 3893 685 3978 deprensi
701 3893 875 3977 perieruntr

66 3989 220 4054 maiorem
237 3988 363 4052 turbam
380 3989 562 4073 punitorum
578 3987 736 4072 reperies.'
754 4024 796 4034 -

67 4082 179 4172 paucis
196 4084 355 4149 temeritas
374 4084 531 4160 est-bono,
548 4082 655 4148 multis
673 4081 766 4164 malo.
789 4137 814 4154 ,.
