2580 4506
408 841 842 918 PRAEFATIO.

114 1039 236 1093 Phaedri
247 1044 347 1110 poetae
357 1044 385 1093 et
396 1057 543 1110 puerorum
554 1042 616 1096 usui
635 1058 716 1111 quem
729 1041 871 1095 ‘libertum
882 1042 928 1095 Au
968 1042 1015 1096 sti’
1029 1043 1114 1098 fuisse
1125 1045 1167 1098 in-

79 1106 139 1162 sere
152 1108 428 1162 accommodatissimi
439 1126 491 1164 nec
504 1127 615 1181 provec·
635 1110 747 1182 scriptio
760 1109 916 1164 fabularum
947 1117 1016 1165 ocet.
1052 1113 1167 1166 Tiberio

78 1176 197 1230 tioribus
223 1176 367 1230 iniucundi
395 1178 496 1232 edendi
522 1196 615 1233 curam
634 1178 681 1232 ille
708 1184 842 1249 regnante
871 1179 906 1231 ad
935 1180 1109 1234 scribendum
1138 1197 1167 1234 se

78 1260 98 1298 a
118 1245 270 1315 bibliopola
290 1245 482 1299 honestissimo
503 1247 614 1317 imposi-
634 1248 750 1300 contulit
766 1248 888 1316 duosque
908 1247 1064 1301 fabularum
1082 1249 1168 1303 libros

79 1319 138 1366 tam
150 1330 212 1366 cum
227 1313 347 1367 libenter
356 1313 386 1366 in
397 1331 441 1367 me
453 1316 613 1386 receperim,
634 1315 730 1383 edidit,
739 1316 768 1368 in
778 1332 892 1385 quorum
901 1317 1042 1386 utriusque
1052 1319 1167 1389 prologo

79 1381 116 1435 de
143 1381 201 1436 vita
229 1397 337 1463 quoque
366 1381 522 1453 fabulisque
555 1384 614 1438 eius
634 1384 801 1452 alteriusque
815 1385 925 1454 epilogo
942 1390 1043 1453 monet,
1061 1403 1090 1440 se
1107 1387 1167 1439 imi-

78 1466 170 1571 ppuca
178 1450 247 1504 mihi
254 1451 527 1522 praemittendaesse
536 1458 611 1522 puto.
632 1453 686 1504 tari
697 1453 838 1521 Aesopum
853 1451 984 1522 idemque
1001 1455 1074 1534 quod
1090 1454 1168 1509 illum

79 1523 163 1640 tii
183 1519 539 1641 ighlsalllidnllllm
560 1538 613 1642 ‘¹3⁰
632 1521 880 1643 lililvinlssill’
892 1527 981 1643 ἑῗιῗ
997 1526 1168 1644 ‘itlinsml

78 1655 340 1737 praestantissimue,
360 1656 389 1709 id
423 1606 613 1726 {offlisseffiss
633 1598 787 1776 ‘prudelmp
794 1629 881 1711 vitam
896 1607 1010 1711 consilio
1032 1597 1166 1712 molelel’

77 1724 377 1861 {thritheitae
390 1728 612 1863 othlllailll
631 1725 1167 1866 hirtii,itihitzttllrtl

77 1861 140 1928 bus,
152 1862 225 1930 quod
257 1860 380 1914 rofitetur
388 1861 452 1914 libri
464 1863 539 1916 tertii
550 1879 611 1932 pro·
631 1866 662 1914 ut
683 1861 803 1916 auctoris
824 1862 867 1915 sui
887 1878 986 1918 nomen
1008 1863 1108 1918 diserte
1125 1871 1165 1918 at-

77 1928 142 1998 logo
162 1947 187 1982 v.
211 1879 256 1982 l'lp
264 1930 307 1982 his
327 1930 418 1984 verbis
443 1933 509 2000 ‘ego
549 1947 611 1984 uem
631 1929 702 1983 tulit.
739 1930 800 1994 Quo
815 1930 926 1984 nominc
942 1932 1068 2012 syllogen
1084 1949 1166 2001 quan·

77 1996 170 2051 Pierio
179 2002 268 2077 mater
277 1997 357 2078 enixa
369 2003 411 2052 est
421 1997 506 2078 iugo)
531 1947 611 2063 Aaou
631 1998 695 2051 dam
710 1997 867 2052 fabularum
878 1998 996 2053 Athenis
1012 1999 1167 2080 rustitutam

76 2068 547 2204 irretittitillatorii
562 2068 610 2189 tl:
629 2065 1165 2204 tiridati{thiathirae

77 2201 217 2256 buendum
243 2208 383 2273 putemus,
412 2220 494 2272 quam
517 2209 610 2258 tamen
629 2202 753 2256 versibus
777 2209 824 2256 aut
845 2204 943 2258 saltem
966 2221 1021 2257 non
1041 2207 1165 2260 versibus

75 2270 106 2322 in
128 2270 257 2325 Phaedro
285 2271 371 2324 fuisse
399 2270 473 2325 infra
500 2272 609 2326 demon·
630 2271 745 2324 senariis
770 2272 875 2325 conscri
896 2277 954 2325 tam
977 2290 1048 2342 esse,
1071 2275 1165 2328 nescio

76 2339 178 2406 strabo,
186 2339 363 2409 prohibemur
372 2337 493 2393 eiusdem
502 2342 610 2412 prologi
630 2355 665 2392 an
681 2357 714 2394 ex
730 2339 809 2393 initio
825 2290 933 2411 prolbgi
949 2341 1031 2410 primi
1053 2341 1165 2397 efficere

75 2407 199 2460 versibus
216 2409 251 2462 54
266 2424 340 2477 sqq,
362 2407 461 2476 quibus
482 2426 512 2461 se
534 2411 608 2479 ‘pro-
628 2407 718 2461 liceat.
759 2407 888 2462 Ceterum
915 2409 1027 2489 propria
1055 2425 1164 2481 quoque

96 2475 181 2529 iorem
209 2475 357 2530 Graeciae’
385 2493 467 2545 quam
491 2476 609 2547 Scythas
629 2477 750 2530 carmina
771 2492 800 2529 se
820 2477 1016 2546 interposuisse
1037 2478 1105 2532 dicit
1125 2480 1165 2546 (II

74 2493 251 2634 Phrygem,
274 2549 302 2599 et
322 2543 451 2598 Thracen
473 2545 526 2598 sibi
548 2548 608 2615 ‘pa
627 2545 695 2613 prol.
708 2545 747 2613 9);
763 2544 908 2612 inquibus
923 2544 1164 2601 illacertcnarra-

73 2611 157 2665 triam
182 2612 258 2666 dicit.
287 2611 398 2667 Scilicet
408 2613 534 2684 Orpheus
544 2630 608 2684 quo·
628 2612 751 2666 tiuncula
764 2617 806 2666 est
817 2612 954 2681 habenda,
971 2630 1053 2682 quam
1068 2616 1102 2669 de
1116 2616 1163 2669 Ti·

75 2694 130 2747 que
158 2685 187 2734 et
213 2681 330 2734 fortasse
357 2681 445 2734 Linus
491 2697 540 2735 uos
568 2682 609 2737 ibi
628 2680 704 2735 berio
720 2681 836 2751 protulit
847 2681 886 2746 (11
898 2683 933 2749 5).
969 2682 1105 2736 Brevitati
1121 2684 1162 2736 in-

74 2749 230 2818 ‘numerat,’
252 2754 280 2802 et
295 2749 406 2803 Pieriae
427 2755 455 2803 et
471 2698 608 2805 *hraciae
627 2748 723 2818 primis
735 2750 865 2804 studebat
877 2750 915 2815 (ΙΙ
947 2751 996 2803 rol.
1011 2753 1052 2817 12,
1070 2751 1105 2805 cf.
1118 2752 1162 2806 Ill

73 2815 180 2871 incolae
192 2816 278 2871 fuisse
286 2817 466 2888 putabantur:
478 2819 543 2872 hinc
554 2835 608 2873 non
628 2818 669 2886 10,
681 2818 733 2884 60).
769 2816 893 2872 Gloriam
906 2818 917 2870 i
939 2835 981 2871 em
998 2820 1163 2890 laudemque

73 2885 276 2955 mirum,ipsum
284 2888 608 2957 poetam,cumexaltera
627 2890 692 2940 tunc
708 2885 827 2956 primum
847 2888 981 2956 captabat
997 2888 1036 2951 (II
1053 2889 1117 2957 epil.
1136 2890 1161 2957 8,

72 2953 186 3023 regione
206 2960 282 3007 ortus
302 2959 386 3022 esset,
407 2955 523 3008 alteram
542 2972 607 3024 quo·
627 2970 681 3034 quo
702 2971 735 3008 ex
755 2954 816 3008 loco
835 2955 1008 3024 intellegitur
1028 2956 1096 3010 duos
1112 2957 1162 3010 hos

73 3037 127 3090 que
144 3022 253 3091 poetico
267 3023 327 3077 iure
343 3022 396 3075 sibi
408 3022 547 3078 vindicare
559 3024 606 3088 (ct.
626 3022 735 3075 libellos
751 3023 833 3076 simul
847 3023 877 3075 in
897 3023 987 3076 lucem
1004 3039 1064 3078 esse
1082 3025 1161 3078 emis-

73 3104 146 3157 quae
159 3090 215 3143 dixi
225 3091 259 3144 de
269 3091 425 3144 Thracibus
433 3091 533 3145 Pieriis
542 3109 605 3146 ann.
626 3096 688 3157 sos),
701 3091 815 3145 livorem
827 3096 910 3159 atque
922 3091 1055 3144 invidiam
1066 3092 1107 3146 ita
1118 3110 1160 3147 rc·

70 3158 141 3228 phil.
155 3159 222 3212 1877
239 3176 266 3229 p.
280 3160 331 3213 238
344 3163 402 3228 sq.).
432 3159 535 3213 Verum
551 3160 606 3214 iam
625 3160 740 3228 pellens,
752 3164 784 3212 ut
795 3177 897 3230 magna
909 3160 952 3213 sui
964 3159 1092 3229 opinione
1104 3162 1160 3215 iam

92 3242 142 3280 uer
161 3227 254 3280 nescio
274 3243 329 3295 quo
349 3226 407 3281 fato
426 3228 462 3280 ad
483 3228 606 3282 homines
625 3233 683 3280 tum
700 3228 802 3281 elatum
819 3228 904 3281 fuisse
916 3234 1063 3297 appareat,
1082 3229 1117 3284 of.
1130 3230 1161 3284 H

71 3245 157 3348 Patina
169 3296 313 3365 loquentes
324 3297 451 3367 pervenit
458 3295 605 3365 latinisque
625 3296 734 3365 epil10
750 3313 763 3348 s
783 3312 824 3365 q.:
845 3296 902 3349 ‘sin
917 3296 986 3349 livor
1003 3297 1159 3352 obtrectare

70 3362 171 3417 litteris
187 3363 216 3416 in
233 3365 328 3419 schola
343 3365 465 3417 imbutus
479 3369 533 3418 est:
550 3380 606 3432 quo
626 3380 718 3417 curam
734 3312 863 3430 voluerit,
880 3380 935 3418 non
951 3370 1045 3419 tamen
1060 3366 1160 3437 eripiet

69 3431 175 3485 factum
198 3438 241 3485 est
262 3437 293 3485 ut
315 3431 470 3485 Ennianum
497 3449 605 3486 versum
624 3432 715 3485 laudis
727 3432 934 3486 conscientiam’
948 3448 1009 3501 sqq.

69 3504 114 3552 tra
136 3501 208 3554 icum
219 3503 252 3564 (v.
266 3500 317 3555 376
330 3501 363 3555 V.
388 3516 470 3569 quem
486 3501 550 3554 libri
561 3501 605 3555 Ill
657 3500 780 3569 Aliquod
792 3507 901 3571 tempus
914 3518 975 3555 cum
987 3503 1157 3557 intercessis-

69 3517 605 3700 aluittrancura}
623 3577 679 3691 n
699 3569 912 3691 thimei
932 3570 1159 3709 arurae

69 3705 140 3758 adeo
157 3704 248 3758 factus
264 3712 305 3759 est
316 3707 397 3759 homo
409 3706 556 3771 Romanus,
573 3712 604 3760 ut
623 3705 796 3759 accusatione
829 3706 924 3774 aliqua
957 3657 1156 3762 circIAmventus’

70 3772 211 3827 Ciceronis
232 3776 384 3845 exemplum
409 3773 532 3827 imitatus
552 3774 601 3827 lin-
623 3779 672 3827 est.
719 3773 831 3827 Scilicet
858 3792 904 3827 sus
924 3773 1069 3829 icebantur
1097 3777 1156 3845 qni-

69 3859 153 3911 guam
173 3842 334 3912 litterasque
354 3842 469 3897 Latinas
487 3842 602 3896 multum
622 3842 694 3908 dam,
704 3847 736 3894 ut
743 3843 826 3895 moris
836 3848 895 3896 erat
904 3793 1071 3897 Jliberitanae
1080 3851 1155 3898 aeta·

69 3909 219 3964 anteferret
243 3909 357 3965 Graecis
381 3916 474 3965 contra
494 3927 529 3964 ue
552 3912 602 3964 hos
621 3910 656 3962 tis
676 3910 840 3978 hominibus,
861 3911 963 3964 fabulis
981 3912 1154 3983 quibusdam,

69 3979 190 4032 studiose
200 3979 331 4034 staretab
340 3979 395 4032 illis
405 3978 450 4045 (cf.
462 3928 564 4049 llepil.
575 3981 600 4033 9.
623 3995 689 4047 quas
706 3995 760 4031 non
777 3995 809 4032 ex
821 3980 932 4049 Aesopo
945 3980 991 4033 sed
1006 3996 1039 4033 ex
1053 3998 1101 4035 suo
1113 3982 1153 4035 in-

68 4048 196 4170 allati
211 4046 327 4171 {dila
345 4047 601 4171 blihardi
621 4047 1167 4184 atteteritur-eidam

595 4157 601 4186 ,
952 4156 960 4168 .

964 4199 1000 4241 μ
