2580 4506
412 681 784 766 APPENDIX.

328 928 356 994 L
409 927 567 997 SIMIVS
594 928 654 993 ΕΤ
680 928 872 998 VVLPES.

197 1046 329 1116 [Avarum
341 1046 424 1100 etiam
435 1047 510 1117 quod
521 1045 576 1100 sibi
587 1051 713 1117 superest
724 1063 779 1100 non
790 1047 909 1103 libenter
920 1049 1006 1121 dare]

137 1169 276 1254 Vulpem
292 1170 427 1255 rogabat
444 1180 568 1255 partem
586 1171 706 1235 caudae
724 1170 844 1248 simius,

95 1274 262 1347 contegere
279 1263 410 1328 honeste
428 1273 535 1348 posset
552 1273 588 1327 ut
604 1264 705 1328 nudas
723 1275 823 1329 nates.

95 1357 147 1421 eui
164 1357 209 1420 sic
226 1357 379 1442 maligna:
403 1357 541 1443 ‘longior
557 1358 613 1421 fiat
629 1357 713 1434 licet,

94 1462 201 1514 tamen
219 1450 304 1515 illam
321 1450 426 1536 potius
443 1473 501 1537 per
517 1450 620 1516 lutum
638 1463 670 1516 et
687 1452 794 1537 spinas
812 1451 946 1530 traham,

94 1543 154 1608 tibi
171 1565 267 1628 quam
283 1555 406 1630 partem
423 1545 568 1629 quamvis
585 1568 716 1630 parvam
733 1546 914 1631 impertiar.’
1148 1552 1165 1606 5
1278 1556 1281 1561 “

459 1747 505 1814 IL
549 1747 753 1816 AVCTOR.

353 1864 427 1935 [Non
439 1883 498 1921 esse
510 1866 573 1936 plus
584 1880 673 1934 aequo
685 1868 855 1936 petendum]

138 1988 280 2054 Arbitrio
299 1988 326 2055 si
342 2000 456 2053 natura
472 1988 616 2053 finxisset
632 2009 703 2052 meo

95 2106 197 2170 genus
215 2083 356 2159 mortale,
374 2083 469 2168 longe
486 2083 568 2147 foret
585 2081 781 2146 instructius:

95 2202 170 2242 nam
189 2188 303 2242 cuneta
319 2177 411 2241 nobis
429 2176 624 2241 attribuisset
642 2176 816 2254 commoda,

97 2295 178 2356 quae
196 2272 249 2336 cui
265 2273 407 2336 Fortuna
424 2271 593 2356 indulgens
611 2270 740 2336 animali
758 2271 858 2336 dedit:

96 2365 256 2451 elephanti
273 2365 356 2430 vires
375 2368 405 2430 e't
422 2364 522 2430 leonis
539 2365 702 2450 impetum,

97 2461 229 2526 cornicis
248 2483 372 2536 aevum,
390 2459 524 2545 gloriam
541 2460 624 2523 tauri
641 2459 748 2535 trucis,

98 2556 171 2639 equi
188 2555 304 2619 velocis
321 2555 479 2639 placidam
496 2552 779 2630 mansuetudinem,

97 2660 130 2714 et
147 2650 271 2714 adesset
287 2648 408 2712 homini
425 2671 482 2712 sua
499 2658 605 2712 tamen
624 2646 770 2711 sollertia.

96 2744 245 2807 nimirum
261 2743 295 2807 in
313 2742 400 2806 caelo
418 2763 525 2806 secum
542 2741 623 2805 ridet
639 2740 792 2825 Iuppiter,

97 2858 214 2922 magno
232 2837 311 2901 haec
329 2835 459 2900 consilio
477 2835 531 2918 qui
548 2835 678 2919 negavit
695 2833 885 2911 hominibus,
1132 2842 1166 2896 10

97 2955 138 2996 ne
156 2943 315 3016 sceptrum
331 2928 442 2994 mundi
459 2940 584 3014 raperet
600 2940 708 2993 nostra
725 2927 867 2992 audacia.

140 3025 228 3110 Ergo
247 3024 384 3089 contenti
401 3046 531 3088 munere
548 3023 657 3087 invicti
673 3021 759 3087 Iovis

97 3120 203 3185 fatalis
221 3141 320 3183 annos
338 3118 541 3182 decurramus
559 3115 719 3202 temporis,

98 3237 157 3279 nec
174 3215 246 3299 plus
264 3234 414 3278 conemur
431 3233 526 3295 quam
543 3210 617 3275 sinit
634 3208 815 3274 mortalitas.

166 3417 229 3483 m.
272 3378 541 3485 unaovruvs
564 3415 624 3480 nr
645 3413 775 3480 nunu
796 3413 1047 3482 mvurnnus

425 3534 480 3602 [De
492 3534 589 3588 eodem
600 3532 657 3586 alia
668 3531 792 3602 fabella]

141 3647 338 3714 Mercurium
355 3649 490 3733 hospitio
508 3647 655 3711 mulieres
673 3645 748 3710 olim
766 3645 848 3710 duae

99 3743 256 3810 inliberali
272 3751 304 3806 et
320 3742 446 3806 sordido
463 3750 659 3826 receperant:

100 3860 236 3923 quarum
254 3859 318 3900 una
335 3837 369 3900 in
387 3836 475 3901 cunis
493 3857 626 3921 parvum
644 3832 782 3898 habebat
798 3833 910 3909 filium,

101 3943 251 4017 quaestus
268 3930 416 4016 placebat
433 3931 522 3996 alteri
540 3927 743 3994 meretricius.

103 4049 178 4114 ergo
196 4039 232 4093 ut
248 4026 379 4093 referret
395 4025 530 4114 gratiam
548 4023 660 4091 officiis
677 4043 797 4110 parem,

925 4120 962 4172 Q!
