2580 4506
213 260 255 324 28
504 272 676 328 PHAEDRI
693 274 931 334 FABVLARVM
983 333 985 337 Α

212 396 272 461 hoe
290 397 317 461 si
335 396 405 480 quis
422 398 514 482 pretii
532 398 664 483 cupidus
682 398 811 463 vidisset
828 399 885 475 tui,

178 497 196 550 5
212 491 286 555 olim
304 491 438 556 redisses
457 491 498 555 ad
516 492 714 577 splendorem
731 493 907 578 pristinum.

199 607 272 671 ego
291 585 376 668 quod
394 596 424 649 te
441 586 557 664 inveni,
575 587 677 673 potior
695 587 746 651 cui
763 588 863 651 multo
881 597 930 651 est
947 587 1047 666 cibus,

211 701 270 744 nec
288 680 345 744 tibi
362 680 512 765 prodesse
528 703 587 747 neo
604 681 682 745 mihi
699 681 869 765 quicquam
886 682 1009 766 potest’

254 774 327 837 Hoc
344 773 405 839 illis
422 796 525 851 narro,
544 774 599 859 qui
616 797 667 840 me
684 798 748 839 non
765 776 961 860 intellegunt.

295 978 394 1044 XIII.
438 977 556 1044 APEs
579 978 639 1044 ΕΤ
660 977 772 1045 FVOI
794 978 947 1046 VESPA
968 978 1142 1050 IVDIOE.

253 1101 342 1184 Apes
360 1099 393 1162 in
411 1099 474 1162 alta
491 1099 631 1164 fecerant
648 1093 766 1181 quercu
784 1100 888 1164 favos:

210 1193 268 1256 hos
285 1193 350 1257 fuci
367 1194 481 1257 inertes
500 1215 568 1258 esse
586 1193 733 1258 dicebant
751 1216 832 1257 suos.

210 1287 248 1351 lis
266 1286 307 1349 ad
324 1286 428 1350 forum
446 1287 582 1369 deducta
599 1298 656 1363 est,
675 1310 772 1371 vespa
790 1288 902 1352 iudice.

210 1402 291 1463 quae
309 1403 409 1473 genus
427 1391 596 1464 utrumque
614 1392 720 1446 nosset
738 1404 810 1446 cum
827 1381 1046 1468 pulcherrime,

175 1482 192 1535 5
209 1476 312 1560 legem
331 1476 454 1540 duabus
471 1475 553 1540 hano
571 1477 734 1562 proposuit
750 1477 907 1562 partibus:

210 1576 288 1634 ‘non
305 1570 529 1635 inconveniens
548 1592 662 1656 corpus
681 1582 711 1635 et
729 1593 787 1656 par
804 1583 852 1635 est
870 1571 965 1648 color,

208 1664 242 1728 in
260 1664 391 1729 dubium
408 1665 502 1750 plane
520 1688 570 1729 res
588 1677 624 1729 ut
642 1664 753 1729 merito
771 1664 902 1731 venerit.

209 1758 265 1824 sed
282 1782 322 1822 ue
340 1758 451 1843 religio
469 1770 578 1845 peccet
596 1759 779 1844 imprudens
797 1782 877 1836 mea,

209 1854 296 1917 alvos
315 1853 446 1937 accipite
466 1864 497 1918 et
514 1855 593 1918 ceris
612 1877 691 1939 opus
709 1854 877 1930 infundite,

158 1953 191 2007 10
208 1959 244 2012 ut
262 1970 302 2012 ex
320 1970 431 2032 sapore
449 1949 549 2013 mellis
569 1959 600 2012 et
618 1949 719 2012 forma
737 1948 812 2025 favi,

209 2043 248 2106 de
266 2041 337 2125 quis
354 2064 439 2106 nune
457 2043 571 2126 agitur,
590 2045 698 2106 auctor
715 2042 828 2105 horum
846 2043 1016 2128 appareat?

208 2136 274 2199 fuci
291 2147 451 2200 recusant:
470 2137 581 2221 apibus
601 2136 742 2200 condicio
761 2137 873 2220 placet.

208 2242 283 2294 tunc
300 2229 355 2294 illa
372 2231 466 2295 talem
483 2230 613 2316 protulit
631 2231 830 2295 sententiam:

209 2331 366 2409 ‘apertum
384 2337 440 2400 est,
459 2326 529 2407 quis
547 2347 610 2387 non
628 2325 727 2408 possit
745 2336 776 2388 et
794 2325 865 2408 quis
882 2324 1000 2389 feeerit.

157 2433 191 2487 15
208 2428 399 2503 quapropter
416 2418 527 2503 apibus
545 2418 684 2482 fructum
701 2419 830 2482 restituo
849 2418 961 2482 suum?

249 2514 345 2578 Hanc
362 2513 581 2598 praeterissem
598 2513 740 2577 fabulam
759 2513 892 2589 silentio,

208 2606 234 2671 si
251 2619 376 2692 pactum
394 2606 460 2670 fuci
476 2628 541 2671 non
557 2618 754 2671 recusassent
772 2607 876 2671 fidem.

338 2811 433 2879 XIV.
476 2811 541 2877 DII
563 2809 685 2880 LVSV
707 2811 766 2876 ΕΤ
790 2810 1089 2878 SEVERITATE.

248 2941 426 3007 Puerorum
442 2941 475 3004 in
492 2941 586 3005 turba
602 2941 731 3024 quidam
748 2942 909 3006 ludentem
926 2941 1053 3006 Atticus

207 3037 372 3120 Aesopum
390 3035 525 3100 nucibus
543 3057 615 3099 oum
633 3035 772 3111 vidisset,
789 3035 902 3099 restitit

207 3141 238 3194 et
255 3130 346 3213 quasi
364 3129 498 3194 delirum
515 3129 592 3194 risit.
636 3128 722 3212 quod
739 3129 837 3193 sensit
855 3129 948 3194 simul

207 3224 326 3289 derisor
343 3223 562 3308 potiusquam
580 3223 769 3288 deridendus
788 3246 895 3300 senex,

172 3323 315 3383 tarcum
333 3329 493 3383 retensum
511 3318 617 3402 posuit
633 3318 666 3382 in
683 3317 786 3382 media
804 3319 869 3382 via:

207 3411 328 3477 ‘heusl’
347 3410 458 3496 inquit,
477 3412 627 3496 ‘sapiens
647 3411 770 3496 expedi,
788 3412 866 3496 quid
881 3411 1037 3477 feeeriml’

207 3505 362 3571 concurrit
380 3506 525 3591 populus.
569 3505 621 3570 ille
639 3517 814 3589 retorquet
833 3506 887 3570 diu

206 3623 264 3666 neo
283 3599 473 3684 quaestionis
490 3600 611 3684 positae
629 3621 756 3664 causam
773 3600 936 3685 intellegit.

205 3694 374 3759 novissime
392 3694 578 3758 succumbit.
623 3705 689 3757 tum
708 3695 807 3759 victor
824 3695 956 3778 sophus:

155 3795 188 3848 10
207 3790 283 3854 ‘cito
301 3811 427 3872 rumpes
446 3809 563 3866 orcum,
583 3811 706 3872 semper
723 3789 750 3852 si
768 3800 891 3852 tensum
909 3789 1070 3864 habuerim

206 3894 238 3947 at
255 3883 282 3947 si
299 3882 424 3958 laxaris,
444 3903 516 3946 cum
534 3883 631 3958 voles,
650 3883 707 3946 erit
725 3882 830 3947 utilis'

250 3976 304 4042 Sic
322 3978 410 4041 lusus
428 3976 532 4042 animo
551 3977 666 4042 debent
683 3974 852 4059 aliquando
870 3975 947 4052 dari,

207 4072 248 4137 ad
266 4071 468 4160 cogitandum
485 4071 596 4143 melior
612 4081 648 4138 ut
664 4070 772 4137 redeat
789 4069 855 4137 tibi.
