2580 4506
207 244 249 312 50
407 259 582 316 PHAEDRI
598 259 840 320 TABVLARVM
855 264 972 321 LIBER
989 263 1027 324 V.

207 383 340 456 tibicenr
360 384 513 470 gratulari
529 383 670 451 fautores
687 396 788 471 putat.

155 485 190 539 30
209 488 355 562 equester
373 477 450 542 ordo
469 480 600 544 stultum
618 500 754 545 errorem
771 480 926 568 intellegit

204 594 388 659 magnoque
406 573 471 637 risu
489 574 649 639 canticum
666 575 766 660 repeti
782 575 881 640 iubet.

206 667 338 732 iteratur
354 667 443 732 illud.
487 666 581 731 homo
599 691 689 733 meus
707 691 741 734 se
757 669 791 732 in
808 671 930 755 pulpito

205 771 306 825 totum
324 760 503 847 prosternit.
545 762 669 848 plaudit
686 763 831 828 inludens
850 786 957 848 eques.

206 878 319 942 rogare
336 856 473 941 populus
491 854 577 920 hunc
595 878 743 922 coronam
761 858 930 923 existimat.

153 963 189 1018 35
205 961 242 1015 ut
259 973 334 1015 vero
353 950 461 1015 cuneis
479 951 582 1015 notuit
602 974 653 1017 res
670 952 827 1030 omnibus,

204 1045 370 1130 Princeps,
388 1044 486 1130 ligato
504 1066 594 1110 crure
612 1046 706 1110 nivea
723 1046 832 1123 fascia,

206 1139 370 1223 niveisque
388 1138 512 1216 tunicis,
530 1140 631 1204 niveis
650 1141 745 1205 etiam
763 1141 887 1218 calceis,

208 1234 393 1318 superbiens
411 1232 530 1298 honore
549 1234 675 1298 divinae
693 1235 815 1311 domus,

206 1329 248 1393 ab
265 1328 420 1394 universis
439 1328 542 1414 capite
561 1339 608 1393 est
625 1340 790 1413 protrusus
809 1329 903 1393 foras.

546 1498 642 1566 VHL
688 1498 888 1567 TEMPVS.

251 1617 358 1685 Cursu
375 1618 506 1696 volucri,
525 1619 667 1704 pendens
683 1619 717 1683 in
734 1620 900 1697 novacula,

207 1715 326 1792 calvus,
346 1736 473 1779 comosa
490 1714 603 1792 fronte,
620 1715 707 1779 nudo
725 1737 855 1800 corpore

208 1810 315 1890 (quem
333 1807 360 1872 si
377 1808 551 1893 occuparis,
569 1818 676 1872 teneas
682 1833 691 1884 3
710 1809 853 1893 elapsum
870 1810 968 1874 semel

206 1925 271 1967 non
289 1902 356 1989 ipse
373 1902 472 1988 possit
489 1902 634 1988 Iuppiter
650 1902 905 1987 reprehendere),

173 2008 191 2063 5
209 1997 406 2062 occasionem
423 2019 529 2062 rerum
547 1997 704 2082 significat
721 1997 861 2061 brevem.

253 2091 397 2156 Effectus
415 2090 581 2177 impediret
599 2113 639 2155 ne
657 2090 763 2176 segnis
781 2112 880 2168 mora,

207 2187 326 2252 finxere
344 2186 466 2270 antiqui
483 2187 580 2252 talem
598 2185 737 2270 effigiem
755 2184 931 2271 Temporis.

412 2356 476 2422 IX.
520 2355 705 2423 TAVRVS
728 2355 789 2421 ET
810 2355 1025 2424 VITVLVS.

250 2479 399 2565 Angusto
416 2477 449 2541 in
467 2477 555 2541 aditu
574 2487 682 2541 taurus
700 2476 824 2541 luctans
842 2477 989 2542 cornibus

209 2596 282 2638 cum
300 2572 354 2637 vix
372 2573 488 2636 intrare
506 2582 614 2656 posset
631 2570 672 2636 ad
689 2571 863 2657 praesepia,

208 2666 404 2732 monstrabat
422 2665 540 2730 vitulus
558 2686 622 2748 quo
639 2687 674 2730 se
691 2677 785 2750 pacto
802 2666 952 2730 flecteret.

210 2761 314 2839 ‘tace’
333 2760 448 2844 inquit3
468 2766 556 2824 ‘ante
573 2759 634 2823 hoc
650 2759 736 2835 novi,
754 2780 852 2843 quam
869 2769 904 2823 tu
920 2769 1014 2823 natus
1032 2760 1089 2823 es.'

174 2866 192 2922 b
252 2855 319 2937 Qui
336 2855 510 2921 doctiorem
529 2852 686 2932 emendat,
706 2852 766 2918 sibi
784 2853 846 2917 dici
862 2863 960 2940 putet.

340 3024 387 3090 X.
432 3023 570 3090 CANIS
592 3025 653 3088 ET
676 3022 759 3090 SVS
782 3023 843 3088 ET
864 3021 1101 3091 quATOR.

250 3147 418 3212 Adversus
436 3167 544 3209 omnes
563 3144 653 3209 fortis
670 3156 702 3209 et
720 3144 813 3209 velox
831 3144 914 3209 feras

210 3243 296 3308 canis
314 3263 386 3306 cum
406 3238 532 3304 domiuo
551 3260 675 3325 semper
692 3237 819 3303 fecisset
836 3238 923 3314 satis,

208 3338 360 3424 languere
378 3333 482 3420 coepit
499 3333 590 3398 annis
607 3332 857 3418 ingravantibus.

209 3431 379 3516 aliquando
398 3429 540 3494 obiectus
558 3426 675 3513 hispidi
693 3449 820 3513 pugnae
839 3426 905 3490 suis

175 3529 192 3583 5
209 3524 347 3611 adripuit
364 3548 487 3591 aurem:
506 3522 562 3588 sed
580 3520 707 3586 cariosis
726 3521 872 3586 dentibus

209 3619 360 3707 praedam
379 3617 507 3683 dimisit.
543 3616 604 3682 hoc
622 3626 697 3680 tunc
714 3625 846 3681 venator
863 3613 973 3679 dolens

209 3737 320 3780 canem
337 3713 535 3799 obiurgabat.
580 3709 632 3775 cui
649 3732 746 3775 senex
765 3721 874 3774 contra
891 3708 1016 3773 Lacona

210 3816 288 3873 ‘non
305 3819 336 3873 te
355 3805 496 3872 destituit
514 3805 648 3880 animus,
667 3803 723 3869 sed
740 3803 823 3868 vires
841 3825 940 3869 meae.

209 3902 294 3987 quod
311 3900 429 3967 fuimus
447 3901 552 3979 lauda,
571 3899 598 3965 si
615 3898 679 3963 iam
697 3898 829 3962 damnas
846 3897 933 3983 quod
950 3896 1081 3961 sumus!

157 4010 191 4064 10
250 3998 324 4063 Hoc
341 4018 407 4075 cur,
424 3995 559 4074 Philota,
578 3992 766 4079 scripserim,
784 3992 916 4075 pulchre
934 3990 1032 4057 vides.
