2580 4506
484 253 601 308 LIBER
616 255 652 310 V.
1034 243 1077 309 49

114 401 173 465 VI.
218 398 402 468 CALVVS
424 400 485 464 ET
507 400 697 481 QVIDAM
719 401 877 485 AEQVE
899 403 1022 471 PILIS

437 518 693 588 DEFECTVS.

99 648 227 713 Invenit
245 647 353 712 calvus
371 647 452 712 forte
469 648 503 712 in
520 649 612 714 trivio
629 650 798 735 pectinem.

57 744 192 808 accessit
209 742 298 818 alter,
317 764 418 825 aeque
436 742 579 808 defectus
597 744 680 829 pilis.

57 836 175 901 ‘heial'
194 837 306 919 inquit,
325 836 372 899 ‘in
390 858 568 914 commune,
586 840 809 924 quodcumque
826 851 874 906 est
890 839 997 907 lucril'

57 931 196 996 ostendit
212 932 266 995 ille
284 930 434 1016 praedam
452 944 483 996 et
501 932 616 997 adiecit
633 934 743 998 simul:

58 1032 68 1062 ‘
74 1047 224 1112 superum
241 1025 387 1090 voluntas
405 1025 499 1102 favit3
517 1026 574 1091 sed
592 1026 657 1091 fato
676 1028 784 1094 invido

57 1120 239 1196 carbonem,
257 1129 292 1183 ut
310 1120 407 1195 aiunt,
426 1142 483 1204 pro
501 1120 649 1184 thesauro
667 1121 865 1188 invenimus)

102 1211 207 1294 Quem
224 1235 297 1298 spes
315 1213 440 1290 delusit,
459 1213 533 1278 huic
551 1216 680 1296 querela
698 1218 852 1282 convenit.

299 1383 376 1451 VII.
420 1382 617 1449 1³30ch
638 1384 837 1451 TIBICEN.

100 1504 167 1569 Vbi
184 1526 284 1568 vanus
303 1504 426 1568 animus
445 1526 523 1568 aura
541 1516 652 1589 captus
670 1505 785 1570 frivola

57 1597 198 1683 adripuit
214 1597 403 1662 insolentem
421 1598 482 1661 sibi
499 1598 658 1677 fiduciam,

53 1692 152 1758 facile
170 1690 210 1756 ad
228 1692 367 1757 derisum
385 1693 481 1756 stulta
498 1693 610 1757 levitas
628 1694 764 1760 ducitur.

98 1786 253 1871 Princeps
271 1787 389 1851 tibicen
406 1787 510 1850 notior
527 1788 645 1872 populo
663 1789 734 1865 fuit,

55 1903 187 1967 operam
205 1880 355 1964 Bathyllo
373 1881 483 1944 solitus
500 1879 533 1943 in
551 1902 665 1946 scaena
683 1883 768 1948 dare

55 1975 184 2041 isforte
200 1975 284 2038 ludis
302 1978 378 2054 (non
396 1973 473 2038 satis
489 1975 620 2039 memini
637 1977 768 2059 quibus)

58 2069 136 2133 dum
151 2091 268 2154 pegma
285 2069 415 2153 rapitur,
434 2069 571 2133 concidit
589 2091 665 2134 casu
681 2071 773 2154 gravi

57 2164 231 2249 necopinus
249 2174 281 2226 et
298 2163 456 2245 sinistram
474 2162 569 2247 fregit
586 2163 707 2240 tibiam,

56 2259 139 2323 duas
156 2279 229 2322 cum
247 2256 374 2321 dextras
392 2256 555 2320 maluisset
572 2257 715 2340 perdere.

54 2353 267 2416 intermunus
285 2350 428 2415 sublatus
446 2362 478 2414 et
494 2351 631 2416 multum
649 2374 779 2436 gemens

55 2447 189 2510 domum
204 2443 350 2509 refertur.
394 2444 514 2526 aliquot
531 2467 655 2509 menses
673 2457 846 2523 transeunt,

56 2541 98 2605 ad
117 2538 282 2603 sanitatem
301 2539 377 2601 dum
394 2539 480 2601 venit
498 2539 627 2603 curatio.

55 2646 93 2700 ut
110 2642 324 2718 spectatorum
342 2632 435 2696 molle
455 2644 501 2696 est
520 2643 551 2696 et
568 2631 709 2716 lepidum
726 2655 838 2718 genus,

58 2727 231 2794 desiderari
249 2726 362 2810 coepit,
381 2726 471 2789 euius
488 2726 615 2790 flatibus

57 2822 180 2888 solebat
197 2819 328 2885 excitari
345 2819 487 2884 saltantis
505 2828 606 2905 vigor.

48 2981 51 2987 ,
99 2915 181 2981 Erat
198 2914 338 2978 facturus
360 2912 453 2977 ludos
471 2913 599 2996 quidam
618 2913 742 2979 nobilis.

55 3021 93 3079 ut
110 3008 276 3096 publicum
292 3006 465 3092 incipiebat
481 3007 636 3093 Princeps
653 3008 788 3092 ingredi,

56 3102 188 3172 adducit
205 3101 306 3187 pretio
323 3102 482 3186 precibus,
499 3113 535 3165 ut
552 3103 772 3167 tantummodo

55 3200 127 3284 ipso
144 3197 293 3261 ludorum
310 3195 490 3260 ostenderet
508 3218 576 3261 sese
595 3197 654 3260 die.

57 3293 114 3377 qui
133 3291 227 3356 simul
245 3289 384 3367 advenit,
401 3311 510 3353 rumor
527 3290 567 3356 de
585 3289 713 3354 tibicine

57 3386 166 3452 fremit
183 3385 216 3448 in
234 3384 366 3448 theatro.
411 3384 540 3466 quidam
559 3385 725 3449 adfirmant
742 3395 911 3462 mortuum,

58 3480 188 3565 quidam
206 3478 240 3542 in
258 3488 462 3562 conspectum
479 3478 678 3563 proditurum
695 3479 763 3544 sine
779 3500 877 3543 mora.

57 3576 170 3641 aulaeo
188 3573 284 3636 misso
302 3573 457 3637 devolutis
474 3573 641 3637 tonitribus

58 3668 90 3733 di
108 3677 184 3732 sunt
199 3665 298 3730 locuti
314 3687 402 3732 more
420 3667 621 3731 translaticio.

57 3773 135 3827 tunc
153 3760 268 3826 chorus
284 3759 431 3846 ignotum
448 3760 543 3825 modo
560 3760 690 3825 reducto
709 3760 867 3826 canticum

55 3854 208 3929 insonuit,
227 3855 316 3919 cuius
336 3854 415 3919 haee
432 3853 493 3918 fuit
512 3854 679 3919 sententia:

56 3950 202 4025 ‘laetare
219 3947 386 4013 incolumis
405 3949 517 4026 Roma,
536 3950 623 4014 salvo
641 3947 862 4033 “principe''l’

12 4058 17 4063 '
55 4044 91 4111 in
108 4045 241 4132 plausus
259 4054 497 4110 consurrectum
514 4055 571 4111 est.
614 4044 711 4108 iactat
728 4043 817 4108 basia

111 4145 230 4190 ercam.
899 4146 923 4199 tt,
