2580 4506
203 266 245 331 46
494 279 668 336 PHAEDRI
684 280 924 339 FABVLARVM

203 403 276 467 trito
293 404 464 488 Myronem
482 415 623 489 argento,
642 403 769 469 tabulae
787 405 971 471 Zeuxidem.

203 498 282 562 adeo
300 498 426 563 fucatae
443 498 515 583 plus
533 498 683 563 vetustati
700 498 787 563 favet

201 592 321 656 invidia
338 592 470 655 mordax
487 613 583 675 quam
602 592 692 656 bonis
709 593 937 677 praesentibus.

154 692 187 746 10
203 687 258 752 sed
275 687 338 750 iam
357 687 398 750 ad
416 686 566 751 fabellam
584 686 655 750 talis
673 686 810 771 exempli
826 687 920 752 feror.

200 1191 228 1256 Ι.
272 1187 517 1257 DEMETRIV
518 1186 542 1254 S
565 1187 662 1255 REX
683 1187 744 1254 ET
765 1188 1028 1257 MENANDER
1049 1190 1220 1259 POETA.

242 1343 436 1419 Demetrius,
453 1344 507 1427 qui
524 1344 626 1409 dictus
644 1354 691 1408 est
709 1343 895 1421 Phalereus,

201 1437 345 1503 Athenas
363 1437 529 1523 occupavit
547 1436 677 1522 imperio
694 1437 848 1522 improbo.

200 1543 237 1598 ut
253 1555 321 1596 mos
340 1542 387 1597 est
404 1532 503 1616 vulgi,
520 1532 638 1615 passim
656 1543 687 1596 et
705 1532 847 1596 certatim
864 1532 936 1597 ruit.

201 1625 376 1690 ‘feliciterl’
396 1625 598 1689 succlamant.
642 1624 703 1710 ipsi
720 1626 877 1711 principes

166 1729 184 1784 5
200 1721 287 1785 illam
305 1719 496 1796 osculantur,
514 1739 578 1803 qua
596 1731 670 1783 sunt
687 1720 837 1804 oppressi,
856 1742 996 1796 manum,

200 1815 294 1879 tacite
311 1825 475 1900 gementes
494 1814 612 1878 tristem
629 1814 774 1879 fortunae
791 1814 902 1880 vicem.

200 1910 277 1992 quin
295 1909 389 1972 ctiam
406 1908 524 1973 resides
543 1918 574 1973 et
591 1920 758 1991 sequentes
777 1908 886 1985 otium,

200 2026 240 2068 ne
258 2002 395 2068 defuisse
413 2013 535 2079 noceat,
552 2013 668 2086 repunt
685 2002 786 2065 ultimi
791 2027 800 2079 3

200 2098 233 2161 in
251 2097 321 2180 quis
339 2095 527 2173 Menander,
545 2096 660 2161 nobilis
678 2095 859 2172 comoediis,

149 2208 183 2262 10
201 2214 279 2275 quas
297 2192 401 2275 ipsum
418 2191 568 2276 ignorans
585 2190 706 2276 legerat
722 2189 905 2255 Demetrius

201 2296 232 2350 et
251 2285 422 2349 admiratus
440 2285 543 2348 fuerat
560 2285 721 2369 ingenium
740 2284 809 2361 viri,

200 2389 363 2464 unguento
381 2378 550 2455 delibutus,
570 2379 684 2444 vestitu
702 2378 813 2455 fluens,

201 2473 347 2538 veniebat
364 2494 476 2557 gressu
493 2472 628 2537 delicato
646 2484 678 2537 et
694 2472 854 2556 languido.

201 2568 285 2632 hunc
302 2567 358 2630 ubi
376 2577 528 2651 tyrannus
545 2566 624 2630 vidit
643 2576 782 2631 extremo
800 2565 939 2651 agmine:

150 2678 184 2733 15
202 2661 362 2744 ‘quisnam
380 2660 529 2726 cinaedus
546 2661 598 2725 ille
616 2660 649 2724 in
668 2671 872 2745 conspectum
889 2681 995 2723 meum

201 2756 296 2820 audet
315 2755 452 2820 venirel'
497 2755 725 2841 responderunt
741 2753 890 2839 proximi:

202 2850 267 2914 ‘hic
285 2861 333 2914 ost
350 2849 529 2915 Menander
547 2849 699 2935 scriptor.'
744 2858 883 2912 mutatus
901 2846 1020 2911 statim:

203 2944 330 3021 ‘hom0,’
349 2943 463 3027 inquit,
481 2943 563 3009 ‘lieri
579 2964 643 3008 non
659 2954 764 3028 potest
781 2940 974 3006 formosiorl'

369 3259 414 3323 H.
457 3256 557 3325 DVO
579 3256 771 3323 MILITES
794 3255 855 3322 ΕΤ
876 3254 1045 3322 LATRO.

244 3413 320 3477 Duo
339 3435 411 3477 cum
428 3412 610 3477 incidissent
629 3411 660 3475 in
678 3412 832 3475 latronem
849 3411 973 3488 milites,

202 3530 283 3572 unus
301 3507 452 3593 profugit,
470 3509 548 3572 alter
566 3517 673 3571 autem
690 3506 802 3570 restitit

203 3612 234 3667 ot
250 3600 421 3666 vindicavit
438 3623 506 3665 sese
528 3600 601 3665 forti
619 3600 756 3665 dextera.

203 3697 323 3759 latrone
341 3695 444 3759 occiso
463 3694 590 3759 timidus
608 3695 743 3759 accurrit
760 3714 866 3758 comes

169 3801 186 3853 5
204 3789 390 3873 stringitque
408 3789 558 3873 gladium,
578 3788 650 3852 dein
668 3788 784 3853 reiecta
800 3786 951 3871 paenula:

204 3881 317 3957 ‘codo,'
336 3882 446 3965 inquit,
466 3882 568 3948 ‘illum
574 3907 582 3959 ;
601 3883 664 3946 iam
682 3882 800 3947 curabo
818 3881 942 3957 sentiat,

204 4000 284 4061 quos
303 3976 522 4061 attemptarit?
566 3988 651 4054 tunc,
669 3976 724 4060 qui
742 3976 993 4062 depugnaveratt

204 4072 332 4139 ‘vollem
350 4071 416 4137 istis
435 4069 539 4137 verbis
556 4072 667 4137 saltem
684 4070 860 4135 adiuvisses
877 4069 986 4147 modo;
