2580 4506
204 253 247 318 20
495 264 668 322 PHAEDRI
684 264 924 325 FABVLARVM

204 411 264 454 neo
281 390 359 454 haec
376 387 504 466 invidia,
523 412 634 456 verum
652 402 700 455 est
717 391 894 456 aemulatio.

205 484 291 568 quod
310 485 337 548 si
354 485 455 548 labori
472 485 586 549 faverit
603 485 734 549 Latium
751 508 833 561 meo,

159 637 163 642 .
203 579 309 663 plures
327 579 466 655 habebit,
485 600 564 662 quos
584 591 724 663 opponat
743 577 907 644 Graeciae.

155 689 188 742 10
206 673 254 737 sin
271 674 351 736 livor
368 674 543 738 obtrectare
561 695 669 738 curam
687 673 831 751 voluerit,

204 788 268 830 non
285 777 391 831 tamen
409 767 519 851 eripiet
536 767 638 831 laudis
657 767 889 832 conscientiam.

205 861 232 924 si
249 871 392 925 nostrum
409 861 548 924 studium
567 860 607 924 ad
625 883 717 924 aures
735 861 836 925 cultas
853 861 995 946 pervenit

206 966 237 1019 et
255 964 320 1018 arte
338 955 427 1019 fictas
445 955 568 1018 animus
587 955 681 1018 sentit
699 954 833 1026 fabulas,

206 1071 331 1113 omnem
349 1048 509 1131 querelam
528 1049 695 1113 submovet
712 1047 855 1112 felicitas.

156 1159 189 1213 15
207 1144 255 1207 sin
273 1153 379 1207 autem
397 1142 515 1207 rabulis
533 1143 644 1207 doctus
663 1142 798 1207 occurrit
814 1143 914 1219 labor,

206 1237 330 1301 sinistra
348 1258 427 1319 quos
444 1236 478 1300 in
494 1238 599 1301 lucem
616 1248 728 1301 natura
746 1236 860 1301 extulit

206 1334 223 1412 †
240 1352 299 1395 nec
316 1331 485 1414 quicquam
504 1339 635 1416 possunt
652 1331 712 1394 nisi
729 1330 874 1395 meliores
893 1351 1030 1414 carpere,

206 1424 302 1489 fatale
319 1424 430 1488 vitium
449 1424 542 1490 corde
561 1424 672 1490 durato
690 1424 800 1501 feram,

207 1519 308 1585 donec
325 1519 484 1584 fortunam
503 1518 639 1585 oriminis
656 1519 775 1604 pudeat
792 1517 851 1586 sui.

611 1825 820 1842 nnn-*⁶¹¹⁸-

456 2102 651 2179 LIBER
686 2101 982 2181 TERTIVS.

395 2303 645 2371 PHAEDRVS
672 2305 738 2370 AD
766 2303 1035 2373 EVTYOHVM.

252 2458 391 2524 Phaedri
408 2459 529 2523 libellos
546 2459 653 2544 legere
671 2460 697 2522 si
716 2458 885 2536 desideras,

211 2576 304 2619 vaces
322 2564 454 2639 oportet,
472 2553 629 2638 Eutyche,
648 2577 667 2618 a
684 2554 828 2639 negotiis,

210 2660 247 2712 ut
263 2649 342 2712 liber
359 2648 482 2712 animus
501 2647 614 2712 sentiat
632 2648 696 2712 vim
714 2648 869 2713 carminis.

212 2742 357 2818 ‘verum'
375 2742 489 2825 inquis,
508 2740 602 2805 ‘tanti
618 2763 682 2806 non
700 2753 747 2806 est
764 2741 926 2827 ingenium
943 2750 1043 2817 tuum,

178 2852 195 2907 5
212 2848 405 2900 momentum
423 2847 459 2900 ut
476 2834 571 2900 horae
589 2846 696 2920 pereat
713 2835 824 2901 officiis
842 2835 940 2900 meis?

212 2953 277 2995 non
294 2953 370 3016 ergo
388 2953 484 2996 causa
501 2939 548 2994 est
565 2931 711 2994 manibus
728 2930 762 2994 id
779 2930 866 3015 tangi
885 2930 957 3006 tuis,

213 3025 299 3109 quod
317 3023 476 3110 occupatis
495 3023 624 3088 auribus
642 3047 705 3088 non
723 3024 879 3089 convenit.

213 3120 346 3183 fortasse
365 3118 465 3183 dices:
485 3118 625 3202 ‘aliquae
643 3118 770 3184 venient
787 3118 894 3196 feriae,

213 3235 295 3296 quae
313 3235 363 3277 me
381 3213 483 3277 soluto
501 3222 627 3298 pectore
645 3214 685 3277 ad
703 3213 842 3277 studium
859 3222 982 3279 vocent.

164 3315 198 3370 10
214 3307 351 3390 legesne,
370 3328 497 3388 quaeso,
516 3305 620 3391 potius
638 3307 715 3372 viles
732 3308 851 3383 nenias,

214 3400 378 3485 impendas
396 3422 505 3465 curam
522 3421 618 3484 quam
635 3401 681 3466 rei
699 3401 898 3478 domesticae,

215 3494 328 3560 reddas
346 3495 453 3560 amicis
471 3506 621 3580 tempora,
640 3496 730 3560 uxori
749 3518 851 3571 vaces,

215 3589 355 3654 animum
372 3588 505 3665 relaxes,
524 3590 624 3654 otium
641 3589 696 3654 des
715 3588 847 3674 corpori,

215 3693 251 3747 ut
268 3683 431 3748 adsuetam
448 3684 560 3748 fortius
577 3695 716 3769 praestes
734 3682 866 3749 vicemi'

166 3784 200 3838 15
217 3777 403 3842 mutandum
421 3777 479 3841 tibi
496 3775 690 3863 propositum
709 3788 803 3842 estet
822 3777 904 3841 vitae
922 3797 1033 3860 genus,

216 3872 331 3936 intrare
350 3870 376 3935 si
394 3871 562 3936 Musarum
578 3872 674 3937 limen
692 3872 821 3958 cogitas.

218 3988 288 4051 ego,
307 3988 400 4049 quem
418 3966 523 4032 Pierio
539 3976 640 4030 mater
657 3967 749 4031 enixa
766 3976 814 4029 est
829 3964 915 4050 iugo,

217 4059 249 4124 in
267 4081 331 4145 quo
349 4060 486 4126 Tonanti
504 4071 612 4125 sancta
628 4061 838 4144 Mnemosyne
855 4057 925 4123 Iovi
