2580 4506
530 292 646 354 LIBER
662 296 697 352 IL

320 506 415 574 VIII.
460 505 641 576 CERVVS
662 505 724 570 ET
745 505 908 573 BOVES.

150 637 274 706 Cervus
291 640 463 708 nemorosis
481 645 634 709 excitatus
652 641 801 721 latibulis,

105 745 143 799 ut
160 746 346 800 venatorum
364 738 490 823 fugeret
506 739 676 803 instantem
694 760 814 814 necem,

106 851 202 894 caeco
220 831 331 895 timore
347 833 524 917 proximam
541 833 649 897 villam
667 832 745 918 petit

106 933 139 986 et
157 934 333 1008 opportuno
352 949 386 990 se
404 926 500 991 bovili
519 926 668 991 condidit.

105 1015 159 1080 hIc
176 1017 234 1080 bos
251 1018 376 1083 latenti:
395 1020 561 1103 ‘quidnam
578 1021 705 1084 voluisti
723 1019 791 1097 tibi,

106 1109 228 1188 infelix,
248 1112 329 1177 ultro
348 1113 404 1196 qui
421 1114 462 1178 ad
480 1136 590 1179 necem
608 1115 782 1179 cucurreris

107 1204 336 1290 hominumque
353 1218 436 1272 tecto
454 1208 599 1293 spiritum
616 1207 841 1273 commiseris?'

107 1299 211 1364 atille
231 1302 378 1386 supplex:
398 1308 469 1366 ‘vos
487 1302 601 1378 m0d0,'
620 1302 733 1386 inquit,
751 1302 897 1387 ‘parcite3

109 1394 274 1459 occasione
292 1418 399 1459 rursus
419 1418 581 1480 erumpam
600 1396 692 1460 data'

107 1488 247 1571 spatium
264 1488 326 1554 diei
343 1489 443 1554 noctis
462 1490 623 1576 excipiunt
641 1490 735 1555 vices.

107 1581 252 1647 frondem
269 1583 427 1648 bubulcus
446 1584 558 1661 adfert,
576 1584 621 1649 nil
639 1584 711 1648 ideo
729 1584 825 1650 videt.

108 1687 185 1740 eunt
202 1676 336 1741 subinde
354 1689 386 1742 et
402 1679 536 1742 redeunt
554 1701 663 1743 omncs
682 1679 804 1743 rustici:

107 1791 202 1833 nemo
220 1769 449 1837 animadvertit.
494 1773 606 1846 transit¹
623 1773 716 1836 etiam
735 1772 860 1837 vilicus:

107 1886 168 1927 nec
185 1864 237 1929 ille
255 1866 425 1948 quicquam
443 1867 546 1931 sentit.
591 1877 658 1931 tum
677 1867 819 1951 gaudens
837 1867 923 1931 ferus

108 1958 215 2022 bubus
233 1959 347 2041 quietis
366 1982 460 2045 agere
478 1960 582 2044 coepit
600 1960 728 2046 gratias,

107 2053 281 2136 hospitium
301 2054 432 2119 adverso
450 2054 536 2139 quod
553 2054 765 2139 praestiterint
782 2066 931 2139 tempore.

108 2147 271 2230 respondit
287 2171 383 2212 unus:
403 2149 539 2212 ‘salvum
558 2159 589 2212 te
607 2148 752 2233 cupImus
770 2149 912 2232 quidem;

109 2241 167 2304 sed
184 2240 246 2318 ille,
264 2242 318 2324 qui
336 2243 443 2306 oculos
462 2253 588 2306 centum
606 2242 712 2319 habet,
731 2243 757 2306 si
775 2244 906 2319 venerit,

70 2390 73 2397 .
108 2357 226 2420 magno
243 2336 275 2399 in
293 2337 409 2421 periclo
427 2337 492 2401 vita
509 2347 648 2401 vertetur
666 2338 741 2400 tua’

108 2430 189 2494 haec
206 2431 287 2495 inter
303 2431 371 2515 ipse
389 2431 533 2495 dominus
552 2455 571 2495 a
589 2453 667 2496 cena
684 2432 774 2508 redit,

110 2535 143 2588 et
160 2525 234 2607 quia
251 2536 412 2610 corruptos
430 2526 552 2590 viderat
569 2548 670 2610 nuper
688 2526 796 2600 boves,

109 2619 232 2683 accedit
249 2620 290 2683 ad
308 2643 473 2706 praesepe:
493 2626 564 2684 ‘cur
582 2619 703 2684 frondis
721 2642 835 2703 parum
853 2622 917 2683 est?

111 2724 281 2779 stramenta
300 2713 427 2779 desuntl
472 2714 581 2779 tollere
598 2714 677 2779 baec
695 2736 810 2778 aranea

110 2820 265 2892 quantum
283 2819 330 2873 est
347 2809 494 2873 laboris?'
532 2809 607 2872 dum
626 2819 782 2872 scrutatur
800 2808 934 2893 singula,

111 2903 197 2968 cervi
213 2924 339 2986 quoque
357 2905 420 2967 alta
438 2913 486 2968 est
503 2901 701 2986 conspicatus
720 2923 851 2979 cornua3

111 3020 207 3081 quem
225 3009 397 3061 convocata
414 2997 502 3062 iubet
520 2996 620 3061 occidi
638 2996 758 3060 familia

110 3092 324 3178 praedamque
342 3091 430 3155 tollit.
449 3130 492 3141 -
509 3089 588 3156 haec
605 3090 763 3177 significat
780 3090 900 3167 fabula,

111 3187 274 3251 dominum
293 3185 398 3252 videre
416 3185 587 3272 plurimum
605 3184 638 3249 in
655 3185 751 3249 rebus
769 3185 845 3250 suIs.

522 3490 722 3559 AVCTOR.

155 3624 276 3708 Aesopi
293 3622 420 3708 ingenio
440 3632 575 3686 statuam
593 3643 727 3706 posuere
747 3620 845 3684 Attici

114 3740 302 3801 servumque
319 3718 512 3782 collocarunt
530 3728 656 3780 aeterna
673 3716 706 3778 in
725 3715 803 3790 basi,

113 3824 221 3898 patere
239 3811 366 3876 honoris
384 3812 498 3876 scirent
515 3822 550 3875 ut
569 3810 674 3875 cuncti
692 3811 776 3873 viam

113 3929 172 3972 nec
190 3907 298 3992 generi
316 3906 420 3982 tribui,
440 3906 495 3971 sed
513 3904 630 3980 virtuti,
649 3903 791 3989 gloriam.

114 4002 263 4085 quoniam
281 4011 450 4085 occuparat
467 4001 555 4076 alter,
574 4020 613 4062 ne
632 3999 751 4082 primus
768 3997 879 4074 forem,

114 4118 154 4160 ne
173 4097 257 4161 solus
276 4105 368 4172 esset,
387 4095 493 4160 studui
511 4094 609 4178 (quod
627 4091 808 4177 superfuit):

943 4191 982 4243 (2⁴0
