2580 4506
197 270 240 340 62
493 287 667 345 PHAEDRI
683 287 921 347 FABVLARVM

200 412 295 489 ‘hoc,’
313 412 425 496 inquit,
444 413 485 477 ‘si
504 415 630 480 dentato
648 415 777 480 fecisses
797 413 877 492 cani,

200 529 318 591 poenas
337 508 496 572 dedisses’
541 509 595 574 illa
613 520 721 574 contra
738 510 888 594 pessima:

166 608 183 660 5
201 600 354 685 ‘despicio
372 602 518 679 inermes,
537 604 649 668 eadem
667 604 745 668 cedo
762 604 911 679 fortibus3

201 695 265 759 scio
283 717 378 778 quem
395 697 558 776 lacessam,
577 697 628 762 cui
646 698 753 762 dolosa
770 698 927 762 blandiarz

200 788 272 854 ideo
290 803 449 857 senectam
466 792 552 858 mille
569 792 603 856 in
620 815 719 857 annos
737 791 893 878 prorogo?

372 1023 487 1091 XXV.
531 1022 708 1092 SERVVS
731 1022 791 1088 ET
812 1019 1038 1088 DOMINVS.

357 1139 480 1208 [Nullum
492 1140 669 1194 maledictum
682 1157 741 1194 esse
754 1139 865 1212 gravius
877 1137 1064 1206 conscientia]

245 1259 328 1326 Cum
347 1285 455 1328 servus
473 1284 610 1346 nequam
629 1263 753 1329 Socrati
770 1262 979 1339 malediceret,

201 1378 333 1420 uxorem
351 1357 471 1421 domini
488 1357 543 1441 qui
561 1358 752 1442 corrupisset
769 1357 828 1434 sui,

201 1450 297 1533 idque
316 1451 369 1515 ille
387 1452 481 1516 sciret
497 1462 609 1515 notum
627 1451 916 1516 circumstantibus:

203 1546 323 1628 ‘places
341 1545 419 1623 tibi‚'
437 1546 549 1629 inquit,
569 1546 659 1629 ‘quia
676 1547 728 1611 cui
745 1568 808 1610 non
826 1546 922 1610 debes
939 1543 1060 1629 places3

168 1645 185 1698 5
202 1639 339 1703 sednon
356 1639 496 1725 impune,
515 1639 590 1723 quia
607 1640 659 1705 cui
676 1639 774 1705 debes
792 1663 855 1704 non
872 1637 997 1725 places?

371 1869 503 1939 XXVI.
542 1870 691 1940 LEPVS
713 1870 774 1934 ΕΤ
792 1867 1048 1938 BVBVLCVS.

356 1987 469 2057 [Multos
480 1988 571 2043 verbis
581 1988 698 2042 blandos
711 2003 779 2058 esse,
792 1992 903 2058 pectore
915 1982 1059 2057 infideles]

248 2107 332 2174 Cum
349 2121 532 2177 venatorem
548 2111 642 2176 celeri
658 2111 739 2195 pede
758 2109 883 2195 fugeret
900 2111 989 2195 lepus

204 2215 236 2270 et
253 2227 273 2268 a
289 2204 428 2269 bubulco
446 2204 532 2269 visus
551 2227 680 2288 veprem
696 2204 867 2289 inreperet:

205 2307 275 2383 ‘per
293 2321 423 2384 superos
442 2321 497 2363 oro
514 2321 634 2384 perque
653 2322 725 2384 spes
744 2322 852 2364 omnes
871 2310 952 2376 tuas,

205 2417 245 2458 ne
263 2417 313 2459 me
330 2394 460 2471 indices,
479 2394 617 2459 bubulce
623 2419 632 2471 3
650 2394 729 2458 nihil
746 2417 898 2478 umquam
915 2392 990 2458 mali

170 2502 188 2554 5
205 2487 279 2552 huic
296 2511 373 2575 agro
391 2488 472 2553 feci?
517 2500 550 2553 at
567 2490 718 2554 rusticus:
736 2495 790 2554 ‘ne
808 2490 964 2566 timueris;

205 2584 267 2647 late
286 2582 435 2647 securus!
478 2583 605 2666 iamque
623 2594 754 2648 venator
771 2605 918 2667 sequens:

206 2684 349 2760 ‘quaeso
368 2677 516 2753 bubulce,
535 2679 690 2762 numquid
706 2678 769 2743 huc
787 2679 873 2742 venit
889 2677 1011 2762 lepusl’

206 2770 317 2847 ‘venit,
335 2771 392 2836 sed
409 2771 487 2835 abiit
504 2771 565 2836 hac
583 2772 624 2835 ad
640 2772 783 2838 laevam?
819 2786 851 2837 et
868 2773 1030 2837 dexteram

206 2867 399 2930 demonstrat
416 2876 495 2930 nutu
512 2876 644 2951 partem.
688 2877 818 2933 venator
835 2867 915 2931 citus

155 2969 189 3023 10
205 2981 268 3023 non
286 2959 440 3024 intellexit
457 2980 554 3042 seque
571 2984 589 3025 e
607 2972 778 3046 conspectu
797 2961 935 3025 abstulit

206 3065 282 3118 tunc
300 3053 345 3118 sic
362 3054 533 3118 bubulcus:
552 3054 681 3139 ‘ecquid
699 3065 746 3120 est
763 3066 890 3142 gratum
907 3055 974 3133 tibi,

206 3148 292 3232 quod
308 3160 340 3214 te
359 3148 489 3213 celavil’
535 3149 677 3234 ‘linguae
695 3172 823 3235 prorsus
841 3172 905 3214 non
922 3171 1004 3236 nego

207 3243 323 3308 habere
342 3253 436 3326 atque
454 3265 548 3330 agere
566 3244 720 3308 maximas
740 3267 790 3311 me
808 3244 925 3332 gratias
931 3269 940 3322 ;

207 3360 316 3403 verum
334 3337 433 3402 oculis
451 3349 487 3402 ut
503 3338 635 3423 priveris
654 3349 728 3424 opto
746 3339 892 3424 perfidis!

342 3566 492 3635 XXVII.
536 3567 782 3634 MERETRIX
804 3569 865 3634 ET
882 3568 1081 3636 IVVENIS.

286 3685 386 3755 [Multa
398 3701 457 3739 esse
469 3684 548 3739 nobis
559 3686 680 3740 iucunda
691 3702 762 3757 quae
774 3692 867 3741 tamen
879 3692 942 3740 sunt
952 3687 1145 3761 incommoda]

251 3806 336 3873 Cum
353 3806 549 3873 blandiretur
566 3807 674 3872 iuveni
691 3807 838 3874 meretrix
856 3810 986 3894 perfida,

207 3905 238 3960 et
255 3894 318 3970 illo,
337 3894 442 3958 laesus
460 3893 567 3959 multis
586 3917 679 3979 saepe
697 3895 829 3971 iniuriis,

207 3998 312 4053 tamon
330 3987 494 4072 praeberet
512 4010 581 4053 sese
598 3987 722 4053 facilem
741 3987 874 4066 mulieri,

207 4080 251 4148 sio
268 4080 457 4148 insidiatrix:
476 4087 599 4150 ‘omnes
617 4081 800 4150 muneribus
818 4081 892 4149 licet
