2580 4506
206 310 247 376 12
497 326 671 382 PHAEDRI
687 327 926 385 FABVLARVM

247 449 428 514 Nocturnus
447 472 518 515 cum
535 451 588 516 fur
605 475 719 537 panem
736 451 871 516 misisset
889 451 969 528 cani,

206 543 328 609 obiecto
347 555 504 630 temptans
522 544 563 610 an
581 547 651 611 cibo
668 558 775 631 posset
793 545 876 631 capi:

170 651 188 707 5
206 637 320 715 ‘heus’
339 639 449 722 inquit,
468 640 624 725 ‘linguam
641 641 689 704 vis
706 663 809 705 meam
826 640 1039 724 praecludere,

205 754 245 796 ne
263 732 375 796 latrem
393 755 450 818 pro
468 756 502 799 re
520 734 655 797 domini?
698 734 833 798 multum
850 734 974 798 falleris.

206 848 342 909 namque
360 827 421 892 ista
439 827 543 891 subita
559 851 611 893 me
628 827 716 892 iubet
734 827 911 911 benignitas

206 919 348 1005 vigilare,
366 921 464 986 facias
481 945 521 986 ne
538 945 610 988 mea
628 922 721 1007 culpa
737 921 881 986 lucrum!

374 1151 508 1220 XXIV.
551 1152 678 1218 RANA
698 1151 852 1220 RVPTA
873 1149 934 1215 ΕΤ
955 1146 1055 1216 BOS.

248 1296 356 1380 Inops,
374 1308 535 1382 potentem
553 1297 630 1362 dum
645 1297 713 1363 vult
730 1296 855 1373 imitari,
873 1295 963 1381 perit.

248 1390 288 1454 In
305 1402 396 1474 prato
414 1391 574 1474 quondam
591 1415 669 1455 rana
687 1391 850 1476 conspexit
865 1391 980 1455 bovem

205 1493 238 1548 et
256 1494 340 1547 tacta
357 1483 476 1548 invidia
493 1495 600 1549 tantae
617 1485 841 1569 magnitudinis

207 1599 357 1662 rugosam
374 1578 493 1642 inflavit
511 1578 640 1663 pellem:
658 1589 726 1642 tum
743 1590 834 1642 natos
852 1599 925 1642 suos

172 1679 190 1732 5
206 1671 423 1756 interrogavit,
441 1696 482 1737 an
499 1672 581 1737 bove
600 1685 682 1737 esset
699 1673 800 1737 latior.

206 1765 251 1829 illi
269 1777 433 1851 negarunt.
477 1789 585 1830 rursus
603 1766 737 1831 intendit
755 1777 859 1831 cutem

206 1859 325 1923 maiore
342 1860 424 1936 nisu,
442 1871 473 1924 et
491 1861 585 1925 simili
601 1860 756 1942 quaesivit
773 1861 878 1935 modo,

206 1952 276 2036 quis
295 1954 394 2018 maior
412 1965 504 2018 esset.
548 1954 594 2017 illi
611 1954 757 2019 dixerunt
774 1954 899 2017 bovem.

205 2047 374 2112 novissime
392 2047 555 2133 indignata
573 2049 649 2113 dum
667 2048 735 2113 vult
752 2047 887 2111 validius

86 2144 91 2156 '
155 2147 189 2202 10
205 2142 315 2207 inflare
334 2164 413 2218 sese,
430 2153 523 2227 rupto
541 2142 638 2206 iacuit
656 2164 794 2228 corpore.

370 2370 485 2438 XXV.
530 2369 681 2437 OANES
704 2369 764 2435 ΕΤ
787 2365 1058 2434 OOROODILI.

248 2523 391 2590 Consilia
408 2525 464 2608 qui
481 2525 557 2589 dant
574 2547 673 2610 prava
691 2524 791 2588 cautis
809 2522 999 2600 hominibus,

206 2631 238 2686 et
254 2621 391 2704 perdunt
408 2642 536 2704 operam
555 2631 587 2684 et
605 2618 784 2684 deridentur
800 2618 942 2702 turpiter.

250 2713 357 2780 Canes
375 2727 534 2778 currentes
554 2714 662 2778 bibere
680 2737 720 2778 ex
738 2713 811 2777 Nilo
829 2711 968 2789 flumine,

208 2832 227 2872 a
245 2809 410 2873 corcodilis
427 2832 467 2873 ne
485 2808 657 2892 rapiantur,
676 2808 826 2872 traditum
843 2817 899 2872 est

173 2913 190 2964 5
207 2903 304 2988 igitur
322 2925 395 2967 cum
413 2925 540 2967 currens
557 2903 665 2967 bibere
684 2903 837 2987 coepisset
855 2900 952 2976 canis,

209 2997 254 3061 sio
272 2996 460 3061 corcodilus:
473 2994 668 3078 ¹‘quamlibet
685 2996 791 3061 lambe
809 2995 872 3058 otio
878 3018 886 3069 3

207 3091 272 3156 noli
290 3091 410 3157 vereri?
455 3100 487 3154 at
503 3090 570 3155 ille:
599 3091 750 3156 ‘facerem
767 3112 818 3154 me
836 3089 989 3164 hercules,

207 3186 268 3250 nisi
286 3209 355 3251 esse
374 3185 484 3250 scirem
504 3185 606 3249 carnis
624 3197 655 3250 te
673 3183 823 3269 cupidum
840 3182 949 3248 meae!

381 3405 513 3474 XXVI.
557 3404 739 3475 VVLPES
761 3404 821 3470 ΕΤ
844 3401 1048 3469 CICONIA.

250 3551 338 3616 Nulli
355 3551 543 3628 nocendum,
567 3551 681 3634 siquis
699 3573 774 3616 vero
791 3551 926 3625 laeserit,

208 3645 407 3710 multandum
425 3645 518 3710 simili
535 3645 603 3710 iure
621 3644 737 3709 fabella
755 3644 911 3709 admonet.

251 3740 373 3823 Vulpes
392 3740 433 3804 ad
451 3762 560 3803 cenam
580 3739 693 3803 dicitur
711 3738 863 3803 ciconiam

208 3833 294 3918 prior
311 3833 458 3897 invitasse
477 3845 508 3898 et
525 3834 570 3898 illi
588 3834 620 3897 in
638 3833 745 3918 patina
761 3832 914 3916 liquidam

174 3952 192 4006 5
208 3927 351 4012 posuisse
369 3927 581 4004 sorbitionem,
600 3949 696 4011 quam
713 3927 799 3990 nullo
817 3926 909 3989 modo

210 4032 336 4106 gustare
355 4023 494 4087 esuriens
512 4021 649 4108 potuerit
666 4020 795 4086 ciconia.

209 4137 290 4203 quae
308 4117 435 4203 vulpem
453 4135 525 4184 cum
544 4126 731 4193 revocasset,
749 4115 854 4181 intrito
872 4114 943 4180 cibo
