2580 4506
505 333 621 393 LIBER
636 333 659 393 1.

76 457 203 546 plenam
221 461 369 547 lagonam
389 462 508 546 posuit:
526 462 601 526 huic
617 473 755 526 rostrum
772 461 912 527 inserens

76 557 209 620 satiatur
226 557 295 641 ipsa
313 566 344 621 et
361 566 486 640 torquet
503 559 669 621 convivam
687 557 781 620 fame.

74 670 159 731 quae
178 672 250 713 cum
267 650 400 734 lagonae
419 650 535 714 collum
552 650 669 715 frustra
685 649 848 726 lamberet,

74 745 279 828 peregrinam
298 744 343 808 sic
361 745 499 808 locutam
517 746 678 809 volucrem
695 744 891 828 accepimus:

75 842 152 901 ‘sua
169 838 304 922 quisque
322 839 468 923 exempla
486 837 581 905 debet
598 860 700 923 aequo
718 838 822 902 animo
840 836 925 922 pati?

182 1041 334 1109 XXVII
378 1040 518 1108 CANIS
541 1040 602 1107 ET
624 1039 903 1110 THESAVRVS
926 1040 986 1106 ΕΤ

446 1160 721 1228 VVLTVRIVS.

119 1282 211 1347 Haec
227 1305 277 1348 res
295 1283 398 1347 avaris
417 1304 486 1347 esse
504 1282 694 1346 conveniens
711 1292 815 1366 potest

76 1387 110 1441 et
127 1375 182 1457 qui
199 1375 333 1441 humiles
351 1376 418 1440 nati
436 1375 498 1440 dici
514 1374 688 1460 locupletes
707 1377 841 1441 student.

121 1470 272 1534 Humana
290 1470 442 1534 effodiens
461 1492 532 1533 ossa
549 1468 733 1533 thesaurum
751 1469 837 1534 canis

75 1563 198 1627 invenit
216 1576 256 1640 et,
275 1564 408 1628 violarat
425 1564 501 1646 quia
517 1563 632 1628 Manes
651 1564 737 1640 deos,

74 1655 192 1721 iniecta
211 1667 258 1722 est
274 1657 320 1722 illi
338 1658 518 1721 divitiarum
537 1656 703 1741 cupiditas,
726 1713 728 1718 .

76 1772 196 1835 poenas
213 1762 249 1815 ut
266 1761 394 1817 sanctae
410 1751 570 1835 Religioni
587 1751 748 1835 penderet.

75 1845 184 1929 itaque
203 1868 315 1910 aurum
334 1846 410 1910 dum
428 1846 574 1921 custodit,
593 1844 708 1909 oblitus
727 1845 789 1910 cibi

75 1938 163 2003 fame
181 1950 228 2004 est
246 1951 461 2025 consumptus.
506 1961 601 2023 quem
619 1951 705 2004 stans
722 1938 879 2004 vulturius
897 1962 991 2026 super

77 2031 179 2097 fertur
196 2035 334 2098 locutus:
353 2041 387 2098 ‘o
405 2035 503 2110 canis,
520 2033 632 2098 merito
650 2033 744 2110 iaces,

78 2126 135 2210 qui
152 2128 325 2212 concupisti
344 2128 448 2192 subito
466 2127 589 2213 regales
608 2149 694 2212 opes,

77 2221 170 2286 trivio
189 2233 368 2308 conceptus,
387 2223 539 2287 educatus
558 2220 723 2287 stercorel'

242 2435 411 2502 XXVIII.
455 2434 636 2504 VVLPES
659 2433 720 2499 ΕΤ
741 2433 930 2514 AQVILA.

123 2564 279 2644 Quamvis
298 2565 448 2630 sublimes
467 2564 584 2629 debent
600 2564 736 2629 humiles
754 2574 906 2642 metuere,

77 2659 218 2723 vindicta
236 2658 330 2722 docili
346 2659 421 2741 quia
439 2670 526 2743 patet
544 2658 710 2723 sollertiae.

121 2752 276 2838 Vulpinos
296 2753 415 2816 catulos
434 2753 540 2836 aquila
557 2752 717 2834 quondam
736 2751 861 2816 sustulit

76 2845 217 2928 nidoque
235 2847 339 2930 posuit
357 2847 462 2932 pullis,
481 2868 585 2910 escam
603 2855 639 2909 ut
657 2856 829 2929 carperent.

78 2941 161 3005 hano
179 2951 345 3023 prosecuta
362 2952 464 3005 mater
481 2963 571 3004 orare
589 2939 707 3023 incipit,

77 3057 120 3099 ne
138 3045 260 3097 tanturn
278 3035 411 3098 miserae
430 3035 551 3099 luctum
568 3033 752 3118 importaret
769 3033 838 3097 sibi.

79 3128 268 3212 contempsit
285 3127 348 3204 illa,
367 3140 436 3192 tuta
453 3129 570 3213 quippe
588 3128 657 3212 ipso
674 3128 753 3191 locu.

78 3222 192 3306 vulpes
210 3222 250 3286 ab
269 3245 323 3286 ara
340 3223 445 3308 rapuit
463 3223 625 3287 ardentem
642 3221 745 3285 facem

77 3327 241 3399 totamque
259 3317 392 3380 flammis
410 3317 554 3381 arborem
573 3314 789 3392 circumdedit,

78 3410 163 3474 hosti
181 3411 319 3475 dolorem
338 3410 453 3475 damno
471 3410 606 3475 miscens
624 3408 796 3495 sanguinis.

80 3505 187 3588 aquila
204 3516 239 3568 ut
256 3505 373 3590 periclo
390 3506 499 3569 mortis
517 3505 651 3590 eriperet
669 3526 752 3578 suos,

78 3599 254 3664 incolumes
272 3611 362 3664 natos
380 3601 513 3686 supplex
531 3598 620 3683 vulpi
638 3597 774 3662 tradidit.

196 3810 333 3879 XXIX.
378 3809 545 3880 ASINVS
564 3806 782 3876 INRIDENS
806 3808 978 3874 APRVM.

123 3939 317 4026 Plerumque
336 3941 433 4018 stulti,
450 3940 549 4005 risum
567 3941 643 4003 dum
661 3948 788 4023 captent
805 3939 917 4014 levem,

81 4038 172 4124 gravi
191 4037 389 4122 destringunt
407 4035 485 4101 alios
503 4033 692 4100 contumelia

80 4144 113 4202 et
132 4132 192 4197 sibi
210 4133 357 4197 nocivum
375 4130 533 4196 concitant
550 4128 740 4219 periculum.
