2580 4506
210 238 255 304 54
503 252 678 310 PHAEDRI
694 253 935 312 FABVLARVM

160 381 194 436 15
211 377 311 441 malos
330 386 454 454 cavete3
473 377 552 442 nulli
569 378 702 444 nimium
720 378 857 445 credite)

211 470 290 535 haec
308 471 432 536 elocuta
449 472 584 537 concidit
601 473 691 558 virgo
708 473 817 539 furens
822 498 831 551 3

146 589 148 593 ¹
210 564 319 632 furens
336 565 492 651 profecto:
510 589 585 632 nam
602 588 684 651 quae
702 566 790 646 dixit,
808 565 954 653 perdidit.

379 788 456 856 VII.
499 785 713 856 AESOPVS
735 787 796 853 ΕΤ
819 786 1059 856 SCRIPTOR.

474 913 529 983 [De
540 914 613 969 malo
625 913 758 985 scriptore
769 929 800 967 se
811 911 960 988 laudante]

251 1035 381 1121 Aesopo
400 1035 530 1120 qnidam
547 1037 663 1122 scripta
680 1036 825 1101 recitarat
842 1038 936 1114 mala,

210 1129 243 1192 in
261 1130 330 1212 quis
348 1131 455 1215 inepte
472 1132 607 1194 multum
625 1153 659 1195 se
676 1131 857 1196 iactaverat

209 1222 289 1292 scire
308 1246 383 1309 ergo
402 1225 533 1309 cupiens
551 1225 701 1308 quidnam
719 1225 848 1290 sentiret
865 1247 972 1299 senex,

210 1319 379 1401 ‘numquid
397 1319 474 1396 tibi:
492 1319 605 1402 inquit,
626 1321 727 1383 ‘visus
745 1342 816 1384 sum
834 1318 1015 1403 superbior?

175 1419 192 1473 5
209 1409 296 1475 hand
312 1435 394 1477 vana
411 1413 502 1477 nobis
520 1413 627 1497 ingeni
643 1413 760 1478 fiducia
779 1413 844 1478 est'

210 1505 371 1570 confectus
389 1506 442 1570 ille
459 1506 595 1591 pessimo
614 1506 785 1570 volumine:

209 1599 304 1683 ‘ego‚'
323 1600 434 1683 inquit,
453 1600 555 1684 ‘quod
572 1610 603 1665 te
620 1600 730 1663 laudas
748 1599 949 1664 vehementer
965 1598 1065 1684 probo
1070 1623 1081 1676 3

208 1715 345 1777 namque
363 1694 423 1758 hoc
441 1694 481 1758 ab
500 1693 560 1759 alio
578 1716 751 1778 numquam
768 1693 928 1779 continget
945 1692 1022 1757 tibi!

220 1914 315 1983 VIII.
358 1911 597 1982 POMPEIVS
619 1913 817 1982 MAGNVS
840 1915 901 1979 ΕΤ
921 1913 1028 1982 EIVS
1052 1913 1214 1981 MILES.

450 2040 548 2115 [Quam
560 2040 675 2096 difficile
687 2041 723 2095 sit
734 2041 871 2096 hominem
882 2043 982 2113 nosse]

250 2165 365 2250 Magni
381 2163 516 2249 Pompei
533 2165 623 2229 miles
641 2163 722 2228 vasti
740 2164 877 2248 corporis

209 2259 308 2323 fracte
325 2259 483 2342 loquendo
500 2269 532 2322 et
550 2257 741 2322 ambulando
759 2257 894 2323 molliter

209 2354 328 2418 famam
346 2353 469 2418 cinaedi
486 2363 624 2417 traxerat
642 2351 855 2418 certissimam.

208 2447 260 2512 hic
277 2446 441 2511 insidiatus
459 2458 551 2512 nocte
568 2446 716 2511 iumentis
735 2445 824 2510 ducis

174 2550 191 2604 5
209 2564 281 2606 cum
300 2553 386 2606 veste
404 2552 435 2606 et
453 2564 530 2606 auro
548 2552 579 2607 et
595 2562 712 2626 magno
730 2539 853 2624 argenti
869 2539 1008 2625 pondere

209 2636 321 2701 avertit
338 2635 451 2700 mulos.
495 2636 615 2700 factum
631 2656 739 2699 rumor
756 2634 901 2719 dissipat;

209 2729 351 2814 arguitur
368 2730 468 2807 miles,
485 2730 608 2815 rapitur
624 2729 657 2794 in
673 2729 874 2815 praetorium.

208 2836 276 2888 tum
293 2824 447 2909 Magnus:
471 2823 595 2907 ‘quid?'
613 2823 667 2901 ait,
685 2829 775 2888 ‘tune
793 2844 854 2898 me,
872 2821 1052 2899 commilito,

209 2918 343 3003 spoliare
362 2941 395 2982 es
413 2916 541 2982 aususi'
563 2917 616 2983 ille
634 2917 782 2982 continuo
801 2928 944 2981 exscreat

157 3020 191 3073 10
208 3012 268 3077 sibi
285 3012 319 3076 in
336 3012 494 3076 sinistram
511 3020 543 3078 et
559 3021 689 3097 sputum
706 3009 813 3096 digitis
831 3010 971 3097 dissipat.

208 3108 276 3184 ‘sic,
295 3106 475 3192 imperator,
494 3107 576 3172 oculi
595 3105 805 3172 exstillescant
822 3105 896 3181 mei,

207 3201 234 3266 si
252 3201 317 3265 vidi
334 3214 389 3266 aut
406 3200 516 3287 tetigi!
558 3212 627 3266 tum
644 3200 692 3266 vir
710 3200 806 3264 animi
823 3199 973 3286 simplicis

207 3296 241 3361 id
258 3295 396 3360 dedecus
414 3309 588 3360 castrorum
603 3294 736 3380 propelli
752 3295 850 3372 iubet,

207 3412 266 3455 nec
285 3389 397 3455 cadere
414 3390 447 3455 in
463 3389 553 3455 illum
572 3390 671 3455 credit
688 3399 808 3454 tantam
826 3387 1002 3453 audaciam.

156 3488 190 3544 15
207 3485 303 3549 breve
320 3494 444 3569 tempus
461 3484 647 3561 intercessit,
666 3494 697 3548 et
713 3483 814 3548 fidens
832 3505 928 3547 manu

206 3601 305 3643 unum
324 3600 341 3642 e
359 3577 510 3642 Romanis
527 3577 720 3664 provocabat
737 3578 900 3642 barbarus.

208 3671 269 3738 sibi
288 3671 420 3755 quisque
438 3673 563 3751 metuit3
580 3672 674 3757 primi
692 3683 871 3738 mussarunt
890 3671 996 3736 duces.

206 3767 335 3832 tandem
353 3765 501 3831 cinaedus
519 3766 639 3845 habitu,
658 3767 714 3832 sed
731 3767 821 3831 Mars
839 3765 968 3842 viribus,

207 3861 273 3928 adit
289 3859 450 3926 sedentem
468 3882 525 3946 pro
543 3860 691 3926 tribunali
709 3860 832 3936 ducem,

154 3962 190 4018 20
208 3967 240 4021 et
258 3976 335 4020 voce
352 3955 453 4019 molli:
477 3955 594 4021 ‘liceti'
614 3957 773 4021 enimvero
792 3953 851 4019 eici

205 4062 241 4116 ut
258 4049 291 4116 iu
308 4072 342 4115 re
361 4050 458 4115 atroci
475 4049 617 4137 Magnus
635 4048 834 4116 stomachans
851 4048 993 4133 imperat.
