2580 4506
205 284 248 351 60
502 296 677 353 PHAEDRI
693 292 933 357 FABVLARVM

205 423 319 508 plagae
337 432 516 506 supersunt,
536 422 649 487 desunt
666 421 744 486 mihi
761 422 893 501 cibaria3

206 516 340 580 subinde
359 515 400 580 ad
418 515 525 580 villam
542 517 648 581 mittor
666 517 733 581 sine
750 517 874 581 viatico.

206 610 291 674 domi
309 611 335 675 ei
354 620 455 686 cenat,
473 611 546 675 totis
564 622 670 696 persto
688 611 848 688 noctibue3

205 705 272 769 sive
289 715 336 769 est
355 717 494 780 vocatus,
512 705 599 770 iaceo
618 706 659 769 ad
675 707 779 770 lucem
797 707 831 770 in
848 705 968 771 semita.
1050 710 1052 714 ’

154 805 189 860 10
206 800 325 864 emerui
341 799 529 890 libertatem,
550 822 647 864 canus
666 799 783 864 serviol

101 895 103 898 ’
205 894 299 960 ullius
318 917 420 960 essem
438 895 549 978 eulpae
566 895 645 958 mihi
663 894 689 958 ei
707 894 863 972 conscius,

207 1010 308 1073 aequo
327 989 432 1052 animo
451 989 576 1053 ferrem
621 1010 796 1073 numquam
815 1011 886 1051 sum
903 986 1005 1052 factus
1024 997 1114 1053 satur

207 1095 238 1148 et
256 1106 351 1169 super
367 1082 477 1148 infelix
496 1106 627 1148 saevum
645 1083 749 1169 patior
767 1083 950 1146 dominium.

207 1177 264 1240 has
281 1189 411 1261 propter
428 1199 540 1242 causae
560 1189 591 1243 et
608 1199 687 1261 quas
704 1178 835 1262 longum
854 1187 901 1241 est
918 1197 1073 1261 promere,

156 1275 189 1329 15
207 1271 294 1336 abire
313 1270 559 1354 destinaviquo
577 1272 706 1336 tulerint
723 1271 840 1355 pedes?

208 1366 319 1450 ‘ergo,’
337 1366 450 1448 inquit,
468 1365 573 1430 audi:
593 1386 666 1430 cum
683 1365 758 1429 mali
774 1365 819 1428 nil
837 1364 959 1442 feceris,

206 1460 286 1524 haec
304 1460 465 1544 experiris,
484 1470 520 1523 ut
536 1459 646 1536 refers,
664 1459 877 1524 incommoda:

207 1554 284 1636 quid
303 1554 329 1617 si
346 1553 506 1638 peccaris?
524 1575 606 1636 quae
624 1563 655 1619 te
672 1575 842 1638 passurum
858 1552 983 1638 putasi’

207 1647 263 1711 tali
281 1647 410 1712 consilio
429 1659 477 1711 est
495 1671 514 1712 a
531 1648 610 1732 fuga
627 1647 804 1713 deterritus.

221 1919 320 1986 xm
364 1919 518 2003 novus
543 1921 867 2004 Qvnnnronms
890 1888 940 1989 'nr
960 1920 1223 1990 rrsrsmvu

551 2041 885 2110 vsuuuonrvs

338 2157 505 2227 [Ferendum
517 2175 576 2213 esse
588 2175 677 2229 aequo
690 2160 790 2230 animo,
803 2159 935 2230 quicquid
946 2157 1100 2228 acciderit]

250 2271 380 2354 Equum
398 2294 416 2336 e
433 2272 588 2358 quadriga
606 2273 713 2339 multis
730 2275 844 2359 palmis
861 2273 999 2342 nobilem

210 2366 318 2450 abegit
335 2366 463 2449 quidam
481 2368 563 2432 etin
580 2368 747 2452 pistrinum
766 2369 918 2433 vendidit.

209 2460 382 2545 productus
400 2461 441 2524 ad
459 2460 632 2527 bibendum
651 2485 724 2527 cum
741 2463 822 2527 foret
840 2487 859 2526 a
876 2463 978 2539 molis,

209 2555 243 2618 in
262 2555 380 2618 circum
398 2558 546 2638 aequales
564 2558 609 2623 ire
628 2558 792 2641 conspexit
809 2578 893 2634 suos,

175 2655 193 2709 5
210 2659 246 2713 ut
264 2660 355 2734 grata
372 2642 456 2713 ludis
474 2651 643 2716 redderent
660 2651 840 2716 certamina

209 2743 345 2806 lacrimis
364 2744 496 2808 obortis:
516 2745 572 2810 ‘ite
590 2745 718 2823 felices,'
738 2745 795 2822 ait,
956 2828 959 2833 ¹

211 2837 383 2902 ‘celebrate
401 2838 469 2903 sine
487 2863 538 2904 me
556 2862 650 2905 cursu
668 2840 852 2904 sollemnem
870 2839 969 2916 diem3

211 2952 281 3016 eg0‚
300 2953 364 3014 quo
382 2933 515 2997 scelesta
532 2934 611 2998 furis
630 2934 783 2999 abstraxit
799 2957 923 3011 manus,

210 3024 255 3088 ibi
273 3038 357 3091 sorte
374 3026 455 3091 tristi
473 3026 540 3093 fata
556 3028 680 3093 deflebo
699 3026 790 3093 mea’

453 3298 536 3364 XX.
580 3298 727 3367 VRSVS
750 3299 986 3368 ESVRIENS.

416 3415 540 3485 [Famem
557 3433 655 3472 acuere
667 3417 852 3472 animantibus
862 3417 1024 3488 ingenium]

256 3529 292 3596 Si
310 3531 437 3613 quando
454 3530 487 3595 in
500 3529 591 3595 'silvis
609 3553 682 3594 urso
701 3531 815 3595 desunt
833 3532 952 3616 copiae,

214 3625 414 3708 scopulosum
432 3624 473 3688 ad
491 3625 564 3689 litus
583 3624 680 3689 currit
697 3636 728 3690 et
745 3625 902 3710 prendens
921 3636 1043 3711 petram

211 3717 311 3802 pilosa
329 3740 421 3782 crura
439 3720 555 3784 sensim
573 3719 708 3783 demittit
725 3720 821 3797 vad03

212 3833 347 3894 quorum
364 3813 445 3877 inter
462 3813 553 3877 villos
571 3813 676 3878 cancri
694 3814 787 3878 simul
806 3813 1025 3890 adhaeserunt,

178 3922 195 3975 5
211 3907 244 3970 in
262 3917 376 3971 terram
396 3907 552 3992 abripiens
571 3908 690 3972 excutit
706 3907 856 3992 praedam
875 3909 971 3973 maris

213 4023 347 4084 escaque
365 4001 480 4066 fruitur
497 4003 613 4089 passim
632 4003 765 4068 collecta
782 4002 880 4067 vafer.

254 4095 342 4182 Ergo
360 4097 455 4161 etiam
473 4098 576 4163 stultis
594 4098 678 4163 acuit
695 4096 858 4183 ingenium
875 4098 985 4162 fames.
