2580 4506
502 287 676 344 PHAEDRJ
693 287 931 348 FABVLARVM

442 497 501 564 VI.
545 499 704 564 RANAE
725 499 792 563 AD
817 496 987 564 SOLEM.

250 649 358 715 Vicini
375 650 454 715 furis
472 652 611 716 celebres
629 652 708 716 vidit
726 653 852 737 nuptias

209 744 354 829 Aesopus
373 756 404 810 et
422 746 568 810 continuo
586 768 713 811 narrare
731 747 855 832 incipit:

250 838 407 904 ‘Uxorem
424 840 584 922 quondam
602 838 659 904 Sol
678 863 750 904 cum
767 841 863 906 vellet
881 841 1006 919 ducere,

208 933 375 998 clamorem
392 956 489 999 ranae
507 933 661 999 sustulere
679 935 720 997 ad
737 935 851 999 sidera.

174 1035 191 1088 5
208 1027 349 1091 convicio
367 1039 527 1113 permotus
545 1029 667 1112 quaerit
684 1029 829 1113 Iuppiter

208 1143 336 1186 causam
354 1123 511 1204 querelae.
555 1123 711 1205 quaedam
729 1135 797 1186 tum
815 1124 918 1208 stagni
936 1124 1052 1190 incola:

208 1215 326 1292 ‘nunc,’
345 1216 455 1299 inquit,
475 1223 597 1280 ‘omnes
615 1239 698 1281 unus
717 1216 820 1281 exurit
836 1218 925 1282 lacus

207 1321 361 1395 cogetque
378 1311 508 1376 miseras
527 1311 614 1389 arida
631 1312 705 1376 sede
724 1312 832 1375 emori.

207 1405 358 1488 quidnam
375 1404 516 1470 futurum
536 1416 593 1483 est,
612 1406 639 1470 si
657 1406 769 1471 crearit
786 1405 932 1470 liberos?'

238 1668 313 1735 VII.
358 1669 539 1736 VVLPES
562 1668 628 1735 AD
651 1667 909 1735 PERSONAM
930 1667 1194 1737 TRAGIOAM.

252 1831 423 1896 Personam
441 1832 594 1918 tragicam
611 1832 692 1896 forte
710 1833 821 1917 vulpes
839 1833 974 1897 viderat:

207 1931 241 1988 ‘o
259 1935 377 2007 quanta
395 1926 535 2010 species‚’
553 1925 664 2008 inquit,
683 1927 861 1991 ‘cerebrum
879 1949 943 1991 non
961 1925 1084 1991 habetl’

250 2019 322 2082 Hoc
339 2019 400 2083 illis
419 2020 612 2096 dictumest,
631 2019 747 2102 quibus
764 2020 914 2086 honorem
933 2032 964 2085 et
982 2020 1117 2106 gloriam

208 2113 333 2178 fortuna
350 2114 469 2191 tribuit,
488 2137 614 2179 sensum
633 2136 832 2180 communem
849 2115 988 2183 abstulit

438 2378 533 2446 Vlll.
577 2377 728 2446 LVPVS
751 2379 811 2444 ΕΤ
834 2377 985 2448 GRVIS.

251 2532 315 2612 Qui
332 2533 468 2618 pretium
485 2533 588 2598 meriti
606 2533 646 2598 ab
664 2534 815 2619 improbis
834 2533 998 2611 desiderat,

206 2626 256 2690 bis
273 2637 397 2711 peccat:
415 2626 552 2712 primum
569 2627 718 2710 quoniam
735 2628 881 2713 indignos
899 2628 1041 2704 adiuvat3

206 2720 335 2804 impune
353 2719 440 2785 abire
458 2720 572 2785 deinde
589 2721 663 2804 quia
680 2722 743 2784 iam
759 2743 824 2785 non
841 2732 953 2806 potest.

250 2813 299 2878 Os
317 2815 502 2880 devoratum
520 2815 612 2880 fauce
630 2838 703 2879 cum
720 2816 864 2880 haereret
880 2816 957 2900 lupi,

173 2925 189 2978 5
206 2931 322 2993 magno
340 2909 447 2974 dolore
464 2909 565 2974 victus
584 2909 687 2995 coepit
705 2909 844 2995 singulos

206 3003 333 3067 inlicere
350 3003 461 3087 pretio,
479 3014 515 3066 ut
531 3003 609 3067 illud
628 3002 825 3068 extraherent
842 3003 970 3067 malum.

206 3098 334 3161 tandem
352 3119 502 3181 persuasa
519 3109 566 3161 est
583 3097 651 3162 iure
669 3096 800 3162 iurando
819 3097 915 3182 gruis,

205 3192 361 3275 gulaeque
380 3190 509 3256 credens
528 3190 600 3255 colli
615 3191 844 3276 longitudinem

205 3284 415 3370 periculosam
431 3284 507 3349 fecit
524 3283 711 3349 medicinam
728 3285 812 3369 lupo.

156 3394 190 3448 10
206 3402 225 3443 a
242 3399 306 3461 quo
324 3400 397 3443 cum
414 3389 542 3464 pactum
559 3378 714 3464 flagitaret
731 3378 920 3463 praemium:

161 3502 164 3511 ·
208 3473 346 3558 ‘ingrata
363 3473 417 3549 es‚’
436 3473 547 3555 inquit,
567 3478 636 3538 ‘ore
653 3494 735 3556 quae
752 3484 858 3538 nostro
876 3485 971 3558 caput

206 3567 362 3633 incolume
380 3567 546 3632 abstuleris
565 3576 596 3633 et
612 3568 791 3634 mercedem
808 3567 968 3654 postules?

227 3832 290 3898 IX.
333 3829 511 3898 PASSER
532 3831 598 3897 AD
621 3830 848 3898 LEPOREM
871 3828 1197 3896 CONSILIATOR.

250 3986 320 4052 Sibi
336 4008 401 4051 non
420 4008 530 4052 cavere
549 3997 580 4052 et
598 3987 666 4052 aliis
685 3986 849 4052 consilium
868 3984 942 4050 dare

206 4082 335 4146 stultum
354 4103 422 4146 esse
440 4081 549 4166 paucis
568 4081 769 4148 ostendemus
788 4079 940 4146 versibus.

175 4422 308 4452 dm.
