2580 4506
536 302 652 357 LIBER
668 302 706 357 Π.

111 424 271 510 ‘magna'
288 423 401 508 inquit,
419 425 467 491 ‘in
484 424 602 510 periclo
620 435 692 489 sunt
710 424 777 489 nati
794 423 853 501 tui3

114 541 200 596 nam,
219 520 313 584 simul
331 518 443 584 exieris
462 530 587 604 pastum
606 541 679 583 cum
697 529 804 584 tenero
822 541 929 604 grege,

114 613 221 697 aquila
239 624 286 678 est
302 624 413 699 parata
430 636 540 699 rapere
557 613 710 699 porcellos
729 613 805 676 tibi?

114 706 200 772 hunc
218 729 344 791 quoque
363 708 474 771 timore
492 718 660 793 postquam
679 708 847 793 complevit
863 707 978 782 locum,

114 801 226 865 dolosa
244 812 311 866 tuto
329 801 469 866 condidit
487 824 556 866 sese
575 824 662 867 cavo.

113 895 188 959 inde
207 905 341 980 evagata
358 905 453 959 noctu
472 918 624 980 suspenso
642 896 734 981 pede,

113 988 171 1052 ubi
188 1011 260 1054 esca
278 1013 312 1054 se
330 990 462 1075 replevit
479 1001 510 1054 et
526 991 647 1075 prolem
665 1013 765 1066 suam,

113 1105 264 1167 pavorem
284 1084 434 1148 simulans
452 1084 602 1169 prospicit
620 1094 684 1148 toto
703 1085 763 1148 die.

114 1178 238 1242 ruinam
256 1189 399 1243 metuens
416 1178 522 1261 aquila
540 1178 635 1242 ramis
654 1178 788 1252 desidet3

115 1293 191 1355 aper
208 1274 351 1356 rapinam
371 1273 474 1337 vitans
492 1295 557 1336 non
575 1271 680 1357 prodit
697 1272 791 1335 foras.

113 1365 192 1448 quid
208 1367 326 1431 multa?
368 1367 474 1431 inedia
492 1377 565 1430 sunt
583 1366 761 1451 consumpti
779 1386 851 1429 cum
870 1365 935 1428 suis

113 1459 247 1543 felisque
266 1460 378 1524 catulis
394 1461 516 1545 largam
534 1461 747 1545 praebuerunt
766 1460 890 1543 dapem.

157 1553 321 1634 Quantum
339 1554 434 1618 homo
452 1554 601 1640 bilinguis
621 1577 715 1640 saepe
734 1554 900 1618 concinnet
917 1551 1003 1629 mali,

113 1649 339 1713 documentum
356 1649 474 1714 habere
492 1650 587 1714 stulta
605 1648 773 1714 credulitas
791 1658 904 1734 potest.

249 1928 991 2022 ummffimfflmffl

156 2115 215 2181 Est
233 2117 430 2182 ardalionum
447 2117 603 2201 quaedam
620 2117 742 2182 Romae
760 2118 855 2194 natio,

113 2213 234 2295 trepide
254 2234 454 2288 concursans,
473 2222 627 2297 occupata
644 2212 677 2276 in
695 2213 768 2288 otio,

112 2307 210 2391 gratis
229 2306 391 2382 anhelans,
414 2306 514 2370 multa
531 2306 655 2390 agendo
673 2305 718 2371 nil
736 2329 844 2391 agens,

112 2400 173 2463 sibi
192 2400 323 2465 molesta
340 2411 372 2464 et
389 2401 457 2464 aliis
475 2400 681 2465 odiosissima.

112 2495 194 2559 hanc
212 2495 390 2570 emendare,
409 2495 436 2558 si
454 2505 559 2559 tamen
576 2517 716 2580 possum,
735 2495 807 2558 volo

111 2612 187 2654 vera
204 2589 335 2653 fabella:
354 2589 489 2672 pretium
507 2600 554 2653 est
572 2611 686 2674 operae
704 2589 883 2656 adtendere.

156 2681 275 2748 Caesar
292 2683 439 2748 Tiberius
458 2705 530 2747 cum
548 2693 658 2768 petens
676 2683 844 2769 Neapolim

111 2778 144 2841 in
161 2777 376 2841 Misenensem
394 2777 501 2842 villam
519 2777 657 2842 venisset
674 2801 774 2852 suam,

111 2893 193 2954 quae
211 2882 317 2936 monte
335 2893 458 2935 summo
475 2870 577 2955 posita
594 2871 724 2935 Luculli
740 2893 837 2934 manu

110 2976 290 3050 prospectat
308 2964 452 3029 Siculum
471 2974 502 3028 et
519 2964 645 3048 respicit
663 2964 805 3029 Tuscum
822 2985 923 3028 mare:

111 3082 151 3124 ex
169 3059 333 3123 alticinctis
351 3082 433 3123 unus
451 3058 649 3135 aulensibus,

110 3154 162 3218 cui
179 3155 286 3218 tunica
304 3154 345 3217 ab
362 3153 479 3218 umeris
497 3153 592 3217 linteo
611 3152 741 3217 Pelusio

110 3260 177 3314 erat
195 3249 352 3326 destricta,
371 3247 458 3313 cirris
477 3247 737 3332 dependentibus,

109 3343 349 3429 perambulante
366 3343 449 3407 laeta
467 3342 594 3406 domino
612 3341 724 3405 viridia

109 3438 232 3501 alveolo
249 3437 352 3522 coepit
368 3436 475 3521 ligneo
494 3457 703 3521 conspargere

108 3532 241 3595 humum
259 3541 464 3607 aestuantem,
482 3531 603 3594 iactans
620 3529 761 3594 officium
778 3528 862 3605 leve3

109 3627 165 3690 sed
184 3625 352 3690 deridetur.
395 3625 468 3688 inde
486 3624 568 3688 notis
585 3623 721 3690 flexibus

107 3719 281 3805 praecurrit
299 3718 396 3783 alium
414 3719 447 3781 in
464 3729 602 3802 xystum,
619 3718 733 3782 sedans
750 3717 923 3801 pulverem.

109 3814 251 3899 agnoscit
267 3813 427 3878 hominem
446 3811 564 3877 Caesar
581 3833 710 3894 remque
726 3810 889 3896 intellegit.

107 3910 160 3974 ille
178 3919 212 3972 ut
229 3918 354 3993 putaret
371 3929 439 3971 esse
457 3907 562 3972 nescio
581 3905 657 3989 quid
677 3905 764 3969 boni:

109 4001 231 4067 ‘heusl'
250 4000 352 4084 inquit
370 4001 524 4065 dominus.
568 3999 621 4064 ille
639 3999 798 4065 enimvero
816 3996 931 4074 adsilit,

108 4096 285 4161 donationis
304 4095 408 4162 alacer
425 4106 527 4161 certae
545 4093 672 4179 gaudio.

159 4198 272 4240 ramerus.
953 4187 983 4242 ‘b
