2580 4506
494 283 669 341 PHAEDRI
685 284 925 343 FABVLARVM

587 517 634 583 K
676 515 835 584 POETA

332 637 397 703 DE
421 635 636 706 OREDERE
659 637 719 703 ET
741 636 840 705 NON
862 637 1091 708 CREDERE.

245 784 463 849 Periculosum
481 793 528 849 est
546 783 673 848 credere
691 794 723 847 et
740 806 804 848 non
822 785 958 851 credere.

203 877 367 961 utriusque
386 878 565 963 exemplum
583 877 721 942 breviter
738 900 895 964 exponam
912 880 967 944 rei.

244 972 441 1057 Hippolytus
459 971 546 1047 obiit,
563 971 639 1054 quia
656 993 810 1036 novercae
828 973 981 1038 creditum
1000 986 1063 1052 est3

207 1063 407 1131 Cassandrae
425 1065 500 1150 quia
516 1087 581 1130 non
598 1065 763 1143 creditum,
781 1067 844 1131 ruit
860 1068 965 1132 llium.

170 1168 187 1223 5
206 1183 282 1246 ergo
301 1159 494 1247 exploranda
512 1170 560 1224 est
577 1160 692 1224 veritas
710 1158 845 1224 multum
863 1163 960 1246 prius,

205 1277 301 1339 quam
319 1256 412 1319 stulte
430 1277 529 1341 prava
545 1253 664 1321 iudicet
681 1254 845 1320 sententia.

206 1350 265 1413 sed
282 1349 460 1414 fabulosam
478 1371 518 1413 ne
536 1359 727 1413 vetustatem
745 1350 859 1427 eleves,

205 1443 341 1508 narrabo
359 1443 426 1519 tibi,
444 1443 596 1508 memoria
613 1443 700 1527 quod
716 1443 836 1508 factum
854 1454 901 1508 est
919 1466 998 1509 mea.

248 1537 385 1602 Maritus
403 1537 531 1620 quidam
550 1558 623 1601 cum
641 1537 785 1622 diligeret
803 1537 970 1624 coniugem

155 1639 189 1693 10
206 1645 378 1717 togamque
396 1654 509 1717 puram
526 1631 590 1695 iam
607 1642 733 1717 pararet
750 1632 825 1707 filio,

207 1727 355 1791 seductus
373 1726 407 1790 in
424 1737 581 1790 secretum
599 1749 618 1790 a
634 1725 747 1791 liberto
765 1736 812 1790 est
830 1748 899 1804 suo,

206 1832 353 1907 sperante
370 1821 519 1886 heredem
534 1820 641 1886 suffici
658 1843 692 1887 se
709 1821 898 1906 proximum.

208 1917 263 2000 qui
281 1938 355 1980 cum
373 1916 412 1980 de
430 1937 528 2000 puero
547 1916 646 1979 multa
663 1915 812 1980 mentitus
830 1916 913 1981 foret

163 2074 165 2079 ⁴
208 2020 239 2074 et
256 2010 349 2096 plura
367 2011 406 2074 de
423 2009 550 2094 flagitiis
569 2020 674 2075 castae
692 2009 842 2086 mulieris,

156 2109 190 2165 15
208 2103 323 2168 adiecit
340 2103 383 2180 id,
402 2102 487 2186 quod
506 2102 661 2169 sentiebat
677 2104 814 2168 maxime

210 2197 384 2270 doliturum,
399 2197 528 2273 amanti,
546 2197 701 2261 ventitare
719 2198 895 2262 adulterum

208 2303 380 2378 stuproque
398 2292 482 2376 turpi
499 2291 599 2376 pollui
616 2291 735 2356 famam
753 2293 875 2357 domus.

208 2388 355 2451 incensus
372 2386 425 2450 ille
442 2386 523 2450 falso
541 2386 648 2450 uxoris
667 2386 796 2451 crimine

208 2480 368 2545 simulavit
384 2480 444 2544 iter
461 2481 502 2544 ad
519 2480 627 2544 villam
645 2482 789 2564 clamque
807 2481 840 2544 in
858 2480 974 2567 oppido

157 2582 192 2635 20
209 2573 365 2639 subsedit:
384 2574 499 2638 deinde
515 2584 612 2639 noctu
629 2574 734 2639 subito
751 2575 879 2640 ianuam

208 2668 348 2744 intravit,
365 2679 452 2733 recta
470 2667 651 2734 cubiculum
668 2668 776 2733 uxoris
793 2679 916 2754 petens,

208 2764 242 2827 in
259 2784 323 2846 quo
342 2762 477 2827 dormire
495 2772 596 2829 mater
611 2774 723 2828 natum
739 2763 884 2841 iusserat,

211 2867 346 2922 aetatem
365 2855 506 2922 adultam
528 2878 657 2922 servans
676 2857 867 2943 diligentius.

212 2951 289 3015 dum
306 2961 463 3035 quaerunt
480 2952 598 3028 lumen,
617 2951 694 3015 dum
712 2962 899 3016 concursant
916 2951 1045 3028 familia,

159 3052 193 3107 25
210 3046 276 3111 irae
293 3044 426 3110 furentis
443 3045 597 3130 impetum
613 3067 678 3110 non
695 3045 852 3110 sustinens

211 3139 387 3205 adlectum
405 3139 535 3215 accedit,
554 3151 688 3224 temptat
704 3140 738 3204 in
755 3140 893 3205 tenebris
912 3150 1015 3225 caput.

211 3245 248 3298 ut
265 3233 360 3299 sentit
376 3244 513 3310 tonsum,
531 3234 639 3318 gladio
656 3245 767 3319 pectus
786 3234 941 3320 transigit,

211 3327 290 3393 nihil
306 3327 488 3413 respiciens,
507 3328 583 3391 dum
601 3328 741 3393 dolorem
759 3328 907 3393 vindicet.

101 3448 104 3453 ·
212 3424 342 3488 lucerna
359 3423 474 3499 adlata,
494 3422 587 3486 simul
605 3422 728 3507 aspexit
745 3423 844 3486 filium

161 3523 196 3577 30
213 3527 417 3600 sanctamque
435 3539 566 3581 uxorem
585 3517 792 3582 dormientem
811 3516 968 3593 cubiculo,

213 3611 315 3698 sopita
332 3610 433 3696 primo
452 3633 534 3694 quae
551 3610 595 3675 nil
614 3632 723 3676 somno
741 3623 890 3687 senserat,

212 3705 460 3792 repraesentavit
476 3705 509 3769 in
528 3727 561 3770 se
578 3727 714 3790 poenam
731 3705 878 3770 facinoris

214 3813 245 3866 et
262 3800 346 3865 ferro
363 3798 518 3876 incubuit,
536 3800 621 3883 quod
639 3800 808 3865 credulitas
827 3799 1004 3864 strinxerat.

215 3904 413 3959 accusatores
431 3895 630 3978 postularunt
646 3895 808 3958 mulierem

162 3995 196 4049 35
213 3990 412 4071 Romamque
429 3998 649 4073 pertraxerunt
666 3988 708 4053 ad
725 3987 945 4053 centumviros.

213 4083 352 4170 maligna
368 4082 525 4149 insontem
542 4082 688 4168 deprimit
707 4080 849 4170 suspitio,
