<?xml version="1.0" encoding="UTF-8"?>
<!DOCTYPE html PUBLIC "-//W3C//DTD XHTML 1.0 Transitional//EN"
    "http://www.w3.org/TR/xhtml1/DTD/xhtml1-transitional.dtd">
<html xmlns="http://www.w3.org/1999/xhtml" xml:lang="en" lang="en">
 <head>
  <title>
</title>
<meta http-equiv="Content-Type" content="text/html;charset=utf-8" />
  <meta name='ocr-system' content='tesseract 3.04.00' />
  <meta name='ocr-capabilities' content='ocr_page ocr_carea ocr_par ocr_line ocrx_word'/>
</head>
<body>
  <div class='ocr_page' id='page_1' title='image "./phaedriaugustil03phaegoog_0042.png"; bbox 0 0 2580 4506; ppageno 0'>
   <div class='ocr_carea' id='block_1_1' title="bbox 522 270 707 326">
    <p class='ocr_par' dir='ltr' id='par_1_1' title="bbox 522 270 707 326">
     <span class='ocr_line' id='line_1_1' title="bbox 522 270 707 326; baseline -0.011 0"><span class='ocrx_word' id='word_1_1' title='bbox 522 270 638 326; x_wconf 86' lang='lat' dir='ltr'><strong>LIBER</strong></span> <span class='ocrx_word' id='word_1_2' title='bbox 655 270 707 325; x_wconf 86' lang='lat'>111.</span> 
     </span>
    </p>
   </div>
   <div class='ocr_carea' id='block_1_2' title="bbox 106 393 1005 2647">
    <p class='ocr_par' dir='ltr' id='par_1_2' title="bbox 107 393 889 555">
     <span class='ocr_line' id='line_1_2' title="bbox 107 393 889 479; baseline 0.001 -22"><span class='ocrx_word' id='word_1_3' title='bbox 107 394 195 478; x_wconf 91' lang='lat' dir='ltr'>quod</span> <span class='ocrx_word' id='word_1_4' title='bbox 212 394 296 459; x_wconf 91' lang='lat' dir='ltr'>bona</span> <span class='ocrx_word' id='word_1_5' title='bbox 313 394 482 479; x_wconf 86' lang='lat' dir='ltr'>possideat.</span> <span class='ocrx_word' id='word_1_6' title='bbox 526 404 609 459; x_wconf 89' lang='lat' dir='ltr'>stant</span> <span class='ocrx_word' id='word_1_7' title='bbox 626 395 750 478; x_wconf 91' lang='lat' dir='ltr'>patroni</span> <span class='ocrx_word' id='word_1_8' title='bbox 768 393 889 461; x_wconf 87' lang='lat' dir='ltr'>fortiter</span> 
     </span>
     <span class='ocr_line' id='line_1_3' title="bbox 108 489 735 555; baseline 0.002 -3"><span class='ocrx_word' id='word_1_9' title='bbox 108 511 236 553; x_wconf 89' lang='lat' dir='ltr'>causam</span> <span class='ocrx_word' id='word_1_10' title='bbox 254 501 378 554; x_wconf 90' lang='lat' dir='ltr'>tuentes</span> <span class='ocrx_word' id='word_1_11' title='bbox 396 489 571 555; x_wconf 90' lang='lat' dir='ltr'>innocentis</span> <span class='ocrx_word' id='word_1_12' title='bbox 589 489 735 553; x_wconf 88' lang='lat' dir='ltr'>feminae.</span> 
     </span>
    </p>

    <p class='ocr_par' dir='ltr' id='par_1_3' title="bbox 107 582 763 669">
     <span class='ocr_line' id='line_1_4' title="bbox 107 582 763 669; baseline 0.005 -24"><span class='ocrx_word' id='word_1_13' title='bbox 107 607 128 646; x_wconf 91' lang='lat' dir='ltr'>a</span> <span class='ocrx_word' id='word_1_14' title='bbox 146 582 219 646; x_wconf 90' lang='lat' dir='ltr'>divo</span> <span class='ocrx_word' id='word_1_15' title='bbox 237 586 387 668; x_wconf 87' lang='lat' dir='ltr'>Augusto</span> <span class='ocrx_word' id='word_1_16' title='bbox 405 596 480 648; x_wconf 88' lang='lat' dir='ltr'>tunc</span> <span class='ocrx_word' id='word_1_17' title='bbox 498 584 615 669; x_wconf 88' lang='lat' dir='ltr'>petiere</span> <span class='ocrx_word' id='word_1_18' title='bbox 632 583 763 661; x_wconf 88' lang='lat' dir='ltr'>iudices,</span> 
     </span>
    </p>

    <p class='ocr_par' dir='ltr' id='par_1_4' title="bbox 107 677 685 753">
     <span class='ocr_line' id='line_1_5' title="bbox 107 677 685 753; baseline 0.003 -13"><span class='ocrx_word' id='word_1_19' title='bbox 107 688 144 740; x_wconf 93' lang='lat' dir='ltr'>ut</span> <span class='ocrx_word' id='word_1_20' title='bbox 161 677 326 742; x_wconf 88' lang='lat' dir='ltr'>adiuvaret</span> <span class='ocrx_word' id='word_1_21' title='bbox 343 678 419 742; x_wconf 91' lang='lat' dir='ltr'>iuris</span> <span class='ocrx_word' id='word_1_22' title='bbox 436 678 561 742; x_wconf 89' lang='lat' dir='ltr'>iurandi</span> <span class='ocrx_word' id='word_1_23' title='bbox 579 677 685 753; x_wconf 89' lang='lat' dir='ltr'>fidem,</span> 
     </span>
    </p>

    <p class='ocr_par' dir='ltr' id='par_1_5' title="bbox 106 771 790 857">
     <span class='ocr_line' id='line_1_6' title="bbox 106 771 790 857; baseline 0.003 -23"><span class='ocrx_word' id='word_1_24' title='bbox 106 771 195 854; x_wconf 90' lang='lat' dir='ltr'>quod</span> <span class='ocrx_word' id='word_1_25' title='bbox 212 772 298 857; x_wconf 89' lang='lat' dir='ltr'>ipsos</span> <span class='ocrx_word' id='word_1_26' title='bbox 317 794 403 837; x_wconf 90' lang='lat' dir='ltr'>error</span> <span class='ocrx_word' id='word_1_27' title='bbox 420 772 626 857; x_wconf 83' lang='lat' dir='ltr'>implicuisset</span> <span class='ocrx_word' id='word_1_28' title='bbox 644 771 790 837; x_wconf 84' lang='lat' dir='ltr'>criminis.</span> 
     </span>
    </p>

    <p class='ocr_par' dir='ltr' id='par_1_6' title="bbox 107 865 856 1045">
     <span class='ocr_line' id='line_1_7' title="bbox 107 865 856 951; baseline 0.003 -22"><span class='ocrx_word' id='word_1_29' title='bbox 107 865 164 948; x_wconf 92' lang='lat' dir='ltr'>qui</span> <span class='ocrx_word' id='word_1_30' title='bbox 182 877 352 951; x_wconf 85' lang='lat' dir='ltr'>postquam</span> <span class='ocrx_word' id='word_1_31' title='bbox 370 867 516 931; x_wconf 83' lang='lat' dir='ltr'>tenebras</span> <span class='ocrx_word' id='word_1_32' title='bbox 534 866 663 951; x_wconf 85' lang='lat' dir='ltr'>dispulit</span> <span class='ocrx_word' id='word_1_33' title='bbox 681 865 856 931; x_wconf 87' lang='lat' dir='ltr'>calumniae</span> 
     </span>
     <span class='ocr_line' id='line_1_8' title="bbox 109 960 757 1045; baseline 0 -21"><span class='ocrx_word' id='word_1_34' title='bbox 109 970 294 1043; x_wconf 90' lang='lat' dir='ltr'>certumque</span> <span class='ocrx_word' id='word_1_35' title='bbox 311 961 432 1025; x_wconf 89' lang='lat' dir='ltr'>fontem</span> <span class='ocrx_word' id='word_1_36' title='bbox 449 961 588 1025; x_wconf 87' lang='lat' dir='ltr'>veritatis</span> <span class='ocrx_word' id='word_1_37' title='bbox 606 960 757 1045; x_wconf 90' lang='lat' dir='ltr'>repperit:</span> 
     </span>
    </p>

    <p class='ocr_par' dir='ltr' id='par_1_7' title="bbox 106 1054 957 1516">
     <span class='ocr_line' id='line_1_9' title="bbox 106 1054 859 1139; baseline -0.003 -20"><span class='ocrx_word' id='word_1_38' title='bbox 106 1054 210 1130; x_wconf 70' lang='lat' dir='ltr'>‘luat&#39;</span> <span class='ocrx_word' id='word_1_39' title='bbox 228 1055 339 1138; x_wconf 91' lang='lat' dir='ltr'>inquit,</span> <span class='ocrx_word' id='word_1_40' title='bbox 358 1061 490 1139; x_wconf 87' lang='lat' dir='ltr'>‘poenas</span> <span class='ocrx_word' id='word_1_41' title='bbox 508 1077 604 1120; x_wconf 88' lang='lat' dir='ltr'>causa</span> <span class='ocrx_word' id='word_1_42' title='bbox 621 1055 752 1118; x_wconf 87' lang='lat' dir='ltr'>libertus</span> <span class='ocrx_word' id='word_1_43' title='bbox 771 1055 859 1131; x_wconf 85' lang='lat' dir='ltr'>mali3</span> 
     </span>
     <span class='ocr_line' id='line_1_10' title="bbox 108 1148 885 1234; baseline 0 -22"><span class='ocrx_word' id='word_1_44' title='bbox 108 1170 246 1231; x_wconf 89' lang='lat' dir='ltr'>namque</span> <span class='ocrx_word' id='word_1_45' title='bbox 264 1149 373 1212; x_wconf 90' lang='lat' dir='ltr'>orbam</span> <span class='ocrx_word' id='word_1_46' title='bbox 391 1160 464 1213; x_wconf 88' lang='lat' dir='ltr'>nato</span> <span class='ocrx_word' id='word_1_47' title='bbox 485 1149 578 1213; x_wconf 92' lang='lat' dir='ltr'>simul</span> <span class='ocrx_word' id='word_1_48' title='bbox 596 1160 627 1212; x_wconf 89' lang='lat' dir='ltr'>et</span> <span class='ocrx_word' id='word_1_49' title='bbox 644 1148 799 1234; x_wconf 88' lang='lat' dir='ltr'>privatam</span> <span class='ocrx_word' id='word_1_50' title='bbox 817 1148 885 1213; x_wconf 92' lang='lat' dir='ltr'>viro</span> 
     </span>
     <span class='ocr_line' id='line_1_11' title="bbox 108 1242 957 1328; baseline 0.004 -22"><span class='ocrx_word' id='word_1_51' title='bbox 108 1243 321 1307; x_wconf 86' lang='lat' dir='ltr'>miserandam</span> <span class='ocrx_word' id='word_1_52' title='bbox 338 1243 441 1328; x_wconf 90' lang='lat' dir='ltr'>potius</span> <span class='ocrx_word' id='word_1_53' title='bbox 460 1265 556 1327; x_wconf 92' lang='lat' dir='ltr'>quam</span> <span class='ocrx_word' id='word_1_54' title='bbox 574 1243 784 1307; x_wconf 88' lang='lat' dir='ltr'>damnandam</span> <span class='ocrx_word' id='word_1_55' title='bbox 803 1242 957 1309; x_wconf 74' lang='lat' dir='ltr'>existimo,</span> 
     </span>
     <span class='ocr_line' id='line_1_12' title="bbox 109 1336 742 1422; baseline 0.005 -23"><span class='ocrx_word' id='word_1_56' title='bbox 109 1336 239 1420; x_wconf 91' lang='lat' dir='ltr'>quodsi</span> <span class='ocrx_word' id='word_1_57' title='bbox 257 1337 361 1401; x_wconf 91' lang='lat' dir='ltr'>delata</span> <span class='ocrx_word' id='word_1_58' title='bbox 378 1348 592 1422; x_wconf 86' lang='lat' dir='ltr'>perscrutatus</span> <span class='ocrx_word' id='word_1_59' title='bbox 611 1337 742 1402; x_wconf 91' lang='lat' dir='ltr'>crimina</span> 
     </span>
     <span class='ocr_line' id='line_1_13' title="bbox 108 1431 708 1516; baseline 0 -22"><span class='ocrx_word' id='word_1_60' title='bbox 108 1431 334 1516; x_wconf 83' lang='lat' dir='ltr'>paterfamilias</span> <span class='ocrx_word' id='word_1_61' title='bbox 353 1442 445 1508; x_wconf 88' lang='lat' dir='ltr'>esset,</span> <span class='ocrx_word' id='word_1_62' title='bbox 463 1431 491 1495; x_wconf 90' lang='lat' dir='ltr'>si</span> <span class='ocrx_word' id='word_1_63' title='bbox 506 1431 708 1495; x_wconf 79' lang='lat' dir='ltr'>mendacium</span> 
     </span>
    </p>

    <p class='ocr_par' dir='ltr' id='par_1_8' title="bbox 109 1525 651 1602">
     <span class='ocr_line' id='line_1_14' title="bbox 109 1525 651 1602; baseline -0.002 -13"><span class='ocrx_word' id='word_1_64' title='bbox 109 1525 267 1590; x_wconf 84' lang='lat' dir='ltr'>subtiliter</span> <span class='ocrx_word' id='word_1_65' title='bbox 284 1525 437 1602; x_wconf 84' lang='lat' dir='ltr'>rimasset,</span> <span class='ocrx_word' id='word_1_66' title='bbox 456 1550 475 1589; x_wconf 93' lang='lat' dir='ltr'>a</span> <span class='ocrx_word' id='word_1_67' title='bbox 492 1525 651 1589; x_wconf 79' lang='lat' dir='ltr'>radicibus</span> 
     </span>
    </p>

    <p class='ocr_par' dir='ltr' id='par_1_9' title="bbox 108 1619 801 1686">
     <span class='ocr_line' id='line_1_15' title="bbox 108 1619 801 1686; baseline -0.003 -1"><span class='ocrx_word' id='word_1_68' title='bbox 108 1643 174 1685; x_wconf 90' lang='lat' dir='ltr'>non</span> <span class='ocrx_word' id='word_1_69' title='bbox 192 1620 354 1684; x_wconf 87' lang='lat' dir='ltr'>evertisset</span> <span class='ocrx_word' id='word_1_70' title='bbox 372 1620 489 1685; x_wconf 88' lang='lat' dir='ltr'>scelere</span> <span class='ocrx_word' id='word_1_71' title='bbox 507 1621 633 1686; x_wconf 87' lang='lat' dir='ltr'>funesto</span> <span class='ocrx_word' id='word_1_72' title='bbox 651 1619 801 1684; x_wconf 70' lang='lat' dir='ltr'>domum!</span> 
     </span>
    </p>

    <p class='ocr_par' dir='ltr' id='par_1_10' title="bbox 108 1714 1005 1988">
     <span class='ocr_line' id='line_1_16' title="bbox 152 1714 928 1799; baseline 0.001 -22"><span class='ocrx_word' id='word_1_73' title='bbox 152 1714 207 1778; x_wconf 90' lang='lat' dir='ltr'>Nil</span> <span class='ocrx_word' id='word_1_74' title='bbox 224 1724 352 1799; x_wconf 90' lang='lat' dir='ltr'>spernat</span> <span class='ocrx_word' id='word_1_75' title='bbox 370 1715 464 1791; x_wconf 82' lang='lat' dir='ltr'>auris,</span> <span class='ocrx_word' id='word_1_76' title='bbox 483 1737 543 1779; x_wconf 92' lang='lat' dir='ltr'>nec</span> <span class='ocrx_word' id='word_1_77' title='bbox 561 1725 666 1779; x_wconf 85' lang='lat' dir='ltr'>tamen</span> <span class='ocrx_word' id='word_1_78' title='bbox 685 1715 794 1780; x_wconf 88' lang='lat' dir='ltr'>credas</span> <span class='ocrx_word' id='word_1_79' title='bbox 813 1715 928 1792; x_wconf 88' lang='lat' dir='ltr'>statim,</span> 
     </span>
     <span class='ocr_line' id='line_1_17' title="bbox 108 1809 1005 1895; baseline 0 -23"><span class='ocrx_word' id='word_1_80' title='bbox 108 1809 367 1892; x_wconf 91' lang='lat' dir='ltr'>quandoquidem</span> <span class='ocrx_word' id='word_1_81' title='bbox 385 1820 416 1873; x_wconf 93' lang='lat' dir='ltr'>et</span> <span class='ocrx_word' id='word_1_82' title='bbox 432 1809 478 1872; x_wconf 92' lang='lat' dir='ltr'>illi</span> <span class='ocrx_word' id='word_1_83' title='bbox 496 1818 639 1894; x_wconf 88' lang='lat' dir='ltr'>peccant,</span> <span class='ocrx_word' id='word_1_84' title='bbox 658 1831 738 1892; x_wconf 90' lang='lat' dir='ltr'>quos</span> <span class='ocrx_word' id='word_1_85' title='bbox 756 1809 883 1874; x_wconf 88' lang='lat' dir='ltr'>minime</span> <span class='ocrx_word' id='word_1_86' title='bbox 901 1820 1005 1895; x_wconf 86' lang='lat' dir='ltr'>putes,</span> 
     </span>
     <span class='ocr_line' id='line_1_18' title="bbox 110 1903 898 1988; baseline 0.001 -20"><span class='ocrx_word' id='word_1_87' title='bbox 110 1915 143 1968; x_wconf 90' lang='lat' dir='ltr'>et</span> <span class='ocrx_word' id='word_1_88' title='bbox 161 1903 296 1986; x_wconf 92' lang='lat' dir='ltr'>quinon</span> <span class='ocrx_word' id='word_1_89' title='bbox 313 1914 456 1987; x_wconf 89' lang='lat' dir='ltr'>peccant,</span> <span class='ocrx_word' id='word_1_90' title='bbox 475 1903 702 1988; x_wconf 85' lang='lat' dir='ltr'>impugnantur</span> <span class='ocrx_word' id='word_1_91' title='bbox 720 1903 898 1969; x_wconf 87' lang='lat' dir='ltr'>fraudibus.</span> 
     </span>
    </p>

    <p class='ocr_par' dir='ltr' id='par_1_11' title="bbox 109 1997 832 2460">
     <span class='ocr_line' id='line_1_19' title="bbox 153 1997 832 2082; baseline 0.001 -21"><span class='ocrx_word' id='word_1_92' title='bbox 153 1998 227 2061; x_wconf 92' lang='lat' dir='ltr'>Hoc</span> <span class='ocrx_word' id='word_1_93' title='bbox 244 1999 413 2062; x_wconf 88' lang='lat' dir='ltr'>admonere</span> <span class='ocrx_word' id='word_1_94' title='bbox 431 1998 588 2082; x_wconf 91' lang='lat' dir='ltr'>simplices</span> <span class='ocrx_word' id='word_1_95' title='bbox 606 1997 701 2061; x_wconf 90' lang='lat' dir='ltr'>etiam</span> <span class='ocrx_word' id='word_1_96' title='bbox 719 2008 832 2082; x_wconf 82' lang='lat' dir='ltr'>potest,</span> 
     </span>
     <span class='ocr_line' id='line_1_20' title="bbox 109 2091 763 2178; baseline -0.002 -22"><span class='ocrx_word' id='word_1_97' title='bbox 109 2092 258 2178; x_wconf 88' lang='lat' dir='ltr'>opinione</span> <span class='ocrx_word' id='word_1_98' title='bbox 276 2093 404 2156; x_wconf 88' lang='lat' dir='ltr'>alterius</span> <span class='ocrx_word' id='word_1_99' title='bbox 422 2114 462 2155; x_wconf 90' lang='lat' dir='ltr'>ne</span> <span class='ocrx_word' id='word_1_100' title='bbox 480 2091 558 2174; x_wconf 92' lang='lat' dir='ltr'>quid</span> <span class='ocrx_word' id='word_1_101' title='bbox 575 2092 763 2176; x_wconf 88' lang='lat' dir='ltr'>ponderent:</span> 
     </span>
     <span class='ocr_line' id='line_1_21' title="bbox 110 2186 769 2269; baseline -0.002 -19"><span class='ocrx_word' id='word_1_102' title='bbox 110 2186 241 2251; x_wconf 90' lang='lat' dir='ltr'>ambitio</span> <span class='ocrx_word' id='word_1_103' title='bbox 260 2207 398 2269; x_wconf 91' lang='lat' dir='ltr'>namque</span> <span class='ocrx_word' id='word_1_104' title='bbox 417 2186 571 2250; x_wconf 86' lang='lat' dir='ltr'>dissidens</span> <span class='ocrx_word' id='word_1_105' title='bbox 589 2187 769 2250; x_wconf 89' lang='lat' dir='ltr'>mortalium</span> 
     </span>
     <span class='ocr_line' id='line_1_22' title="bbox 110 2279 739 2365; baseline -0.002 -20"><span class='ocrx_word' id='word_1_106' title='bbox 110 2292 167 2345; x_wconf 90' lang='lat' dir='ltr'>aut</span> <span class='ocrx_word' id='word_1_107' title='bbox 185 2280 304 2365; x_wconf 83' lang='lat' dir='ltr'>gratiae</span> <span class='ocrx_word' id='word_1_108' title='bbox 322 2279 491 2344; x_wconf 90' lang='lat' dir='ltr'>subscribit</span> <span class='ocrx_word' id='word_1_109' title='bbox 508 2291 563 2344; x_wconf 91' lang='lat' dir='ltr'>aut</span> <span class='ocrx_word' id='word_1_110' title='bbox 581 2280 653 2344; x_wconf 91' lang='lat' dir='ltr'>odio</span> <span class='ocrx_word' id='word_1_111' title='bbox 671 2301 739 2344; x_wconf 85' lang='lat' dir='ltr'>suo.</span> 
     </span>
     <span class='ocr_line' id='line_1_23' title="bbox 110 2373 811 2460; baseline -0.003 -20"><span class='ocrx_word' id='word_1_112' title='bbox 110 2375 171 2440; x_wconf 88' lang='lat' dir='ltr'>erit</span> <span class='ocrx_word' id='word_1_113' title='bbox 188 2375 240 2439; x_wconf 92' lang='lat' dir='ltr'>ille</span> <span class='ocrx_word' id='word_1_114' title='bbox 257 2385 360 2452; x_wconf 88' lang='lat' dir='ltr'>notus,</span> <span class='ocrx_word' id='word_1_115' title='bbox 379 2396 474 2457; x_wconf 90' lang='lat' dir='ltr'>quem</span> <span class='ocrx_word' id='word_1_116' title='bbox 492 2397 550 2460; x_wconf 92' lang='lat' dir='ltr'>per</span> <span class='ocrx_word' id='word_1_117' title='bbox 567 2384 597 2439; x_wconf 94' lang='lat' dir='ltr'>te</span> <span class='ocrx_word' id='word_1_118' title='bbox 616 2373 811 2459; x_wconf 82' lang='lat' dir='ltr'>cognoveris.</span> 
     </span>
    </p>

    <p class='ocr_par' dir='ltr' id='par_1_12' title="bbox 109 2469 937 2647">
     <span class='ocr_line' id='line_1_24' title="bbox 154 2469 874 2555; baseline -0.001 -22"><span class='ocrx_word' id='word_1_119' title='bbox 154 2470 245 2533; x_wconf 90' lang='lat' dir='ltr'>Haec</span> <span class='ocrx_word' id='word_1_120' title='bbox 264 2486 430 2533; x_wconf 88' lang='lat' dir='ltr'>exsecutus</span> <span class='ocrx_word' id='word_1_121' title='bbox 448 2492 519 2532; x_wconf 92' lang='lat' dir='ltr'>sum</span> <span class='ocrx_word' id='word_1_122' title='bbox 536 2480 702 2555; x_wconf 89' lang='lat' dir='ltr'>propterea</span> <span class='ocrx_word' id='word_1_123' title='bbox 719 2469 874 2554; x_wconf 88' lang='lat' dir='ltr'>pluribus,</span> 
     </span>
     <span class='ocr_line' id='line_1_25' title="bbox 109 2562 937 2647; baseline -0.001 -20"><span class='ocrx_word' id='word_1_124' title='bbox 109 2564 265 2628; x_wconf 86' lang='lat' dir='ltr'>brevitate</span> <span class='ocrx_word' id='word_1_125' title='bbox 283 2563 379 2627; x_wconf 91' lang='lat' dir='ltr'>nimia</span> <span class='ocrx_word' id='word_1_126' title='bbox 397 2564 547 2646; x_wconf 89' lang='lat' dir='ltr'>quoniam</span> <span class='ocrx_word' id='word_1_127' title='bbox 565 2562 719 2647; x_wconf 86' lang='lat' dir='ltr'>quosdam</span> <span class='ocrx_word' id='word_1_128' title='bbox 737 2563 937 2627; x_wconf 87' lang='lat' dir='ltr'>offendimus.</span> 
     </span>
    </p>
   </div>
   <div class='ocr_carea' id='block_1_3' title="bbox 255 2797 990 2868">
    <p class='ocr_par' dir='ltr' id='par_1_13' title="bbox 255 2797 990 2868">
     <span class='ocr_line' id='line_1_26' title="bbox 255 2797 990 2868; baseline -0.003 -2"><span class='ocrx_word' id='word_1_129' title='bbox 255 2800 319 2866; x_wconf 86' lang='lat' dir='ltr'>XI.</span> <span class='ocrx_word' id='word_1_130' title='bbox 363 2797 615 2867; x_wconf 80' lang='lat' dir='ltr'><strong>EVNVCHVS</strong></span> <span class='ocrx_word' id='word_1_131' title='bbox 637 2799 702 2864; x_wconf 88' lang='lat' dir='ltr'>AD</span> <span class='ocrx_word' id='word_1_132' title='bbox 725 2799 990 2868; x_wconf 86' lang='lat' dir='ltr'><strong>IMPROBVM.</strong></span> 
     </span>
    </p>
   </div>
   <div class='ocr_carea' id='block_1_4' title="bbox 110 2932 912 3194">
    <p class='ocr_par' dir='ltr' id='par_1_14' title="bbox 110 2932 912 3194">
     <span class='ocr_line' id='line_1_27' title="bbox 155 2932 912 3023; baseline -0.004 -19"><span class='ocrx_word' id='word_1_133' title='bbox 155 2939 330 3004; x_wconf 81' lang='lat' dir='ltr'>Eunuchus</span> <span class='ocrx_word' id='word_1_134' title='bbox 348 2932 493 3022; x_wconf 88' lang='lat' dir='ltr'>litigabat</span> <span class='ocrx_word' id='word_1_135' title='bbox 510 2958 583 3001; x_wconf 90' lang='lat' dir='ltr'>cum</span> <span class='ocrx_word' id='word_1_136' title='bbox 601 2937 740 3018; x_wconf 93' lang='lat' dir='ltr'>quodam</span> <span class='ocrx_word' id='word_1_137' title='bbox 757 2938 912 3023; x_wconf 89' lang='lat' dir='ltr'>improb0,</span> 
     </span>
     <span class='ocr_line' id='line_1_28' title="bbox 110 3031 901 3119; baseline -0.005 -20"><span class='ocrx_word' id='word_1_138' title='bbox 110 3036 167 3119; x_wconf 91' lang='lat' dir='ltr'>qui</span> <span class='ocrx_word' id='word_1_139' title='bbox 185 3056 279 3119; x_wconf 89' lang='lat' dir='ltr'>super</span> <span class='ocrx_word' id='word_1_140' title='bbox 296 3033 433 3096; x_wconf 89' lang='lat' dir='ltr'>obscena</span> <span class='ocrx_word' id='word_1_141' title='bbox 451 3031 534 3096; x_wconf 87' lang='lat' dir='ltr'>dicta</span> <span class='ocrx_word' id='word_1_142' title='bbox 552 3041 584 3094; x_wconf 88' lang='lat' dir='ltr'>et</span> <span class='ocrx_word' id='word_1_143' title='bbox 600 3031 746 3116; x_wconf 87' lang='lat' dir='ltr'>petulans</span> <span class='ocrx_word' id='word_1_144' title='bbox 762 3032 901 3118; x_wconf 89' lang='lat' dir='ltr'>iurgium</span> 
     </span>
     <span class='ocr_line' id='line_1_29' title="bbox 111 3125 789 3194; baseline -0.007 0"><span class='ocrx_word' id='word_1_145' title='bbox 111 3130 262 3194; x_wconf 91' lang='lat' dir='ltr'>damnum</span> <span class='ocrx_word' id='word_1_146' title='bbox 280 3127 450 3191; x_wconf 88' lang='lat' dir='ltr'>insectatus</span> <span class='ocrx_word' id='word_1_147' title='bbox 469 3135 517 3188; x_wconf 89' lang='lat' dir='ltr'>est</span> <span class='ocrx_word' id='word_1_148' title='bbox 535 3125 640 3189; x_wconf 90' lang='lat' dir='ltr'>amissi</span> <span class='ocrx_word' id='word_1_149' title='bbox 659 3125 789 3190; x_wconf 92' lang='lat' dir='ltr'>roboris.</span> 
     </span>
    </p>
   </div>
   <div class='ocr_carea' id='block_1_5' title="bbox 109 3218 948 3588">
    <p class='ocr_par' dir='ltr' id='par_1_15' title="bbox 110 3218 945 3403">
     <span class='ocr_line' id='line_1_30' title="bbox 112 3218 945 3301; baseline -0.006 -12"><span class='ocrx_word' id='word_1_150' title='bbox 112 3224 188 3301; x_wconf 87' lang='lat' dir='ltr'>‘en‚’</span> <span class='ocrx_word' id='word_1_151' title='bbox 208 3223 259 3299; x_wconf 90' lang='lat' dir='ltr'>ait,</span> <span class='ocrx_word' id='word_1_152' title='bbox 280 3221 355 3285; x_wconf 86' lang='lat' dir='ltr'>‘hoc</span> <span class='ocrx_word' id='word_1_153' title='bbox 372 3243 471 3284; x_wconf 93' lang='lat' dir='ltr'>unum</span> <span class='ocrx_word' id='word_1_154' title='bbox 490 3231 547 3295; x_wconf 88' lang='lat' dir='ltr'>est,</span> <span class='ocrx_word' id='word_1_155' title='bbox 566 3242 623 3283; x_wconf 88' lang='lat' dir='ltr'>cur</span> <span class='ocrx_word' id='word_1_156' title='bbox 640 3220 782 3284; x_wconf 91' lang='lat' dir='ltr'>laborem</span> <span class='ocrx_word' id='word_1_157' title='bbox 801 3218 945 3297; x_wconf 87' lang='lat' dir='ltr'>validius,</span> 
     </span>
     <span class='ocr_line' id='line_1_31' title="bbox 110 3313 740 3403; baseline -0.008 -19"><span class='ocrx_word' id='word_1_158' title='bbox 110 3317 299 3403; x_wconf 85' lang='lat' dir='ltr'>integritatis</span> <span class='ocrx_word' id='word_1_159' title='bbox 317 3325 413 3380; x_wconf 90' lang='lat' dir='ltr'>testes</span> <span class='ocrx_word' id='word_1_160' title='bbox 431 3314 506 3398; x_wconf 92' lang='lat' dir='ltr'>quia</span> <span class='ocrx_word' id='word_1_161' title='bbox 523 3313 637 3378; x_wconf 87' lang='lat' dir='ltr'>desunt</span> <span class='ocrx_word' id='word_1_162' title='bbox 655 3314 740 3379; x_wconf 90' lang='lat' dir='ltr'>mihi.</span> 
     </span>
    </p>

    <p class='ocr_par' dir='ltr' id='par_1_16' title="bbox 110 3407 866 3495">
     <span class='ocr_line' id='line_1_32' title="bbox 110 3407 866 3495; baseline -0.009 -17"><span class='ocrx_word' id='word_1_163' title='bbox 110 3413 169 3479; x_wconf 90' lang='lat' dir='ltr'>sed</span> <span class='ocrx_word' id='word_1_164' title='bbox 186 3412 262 3495; x_wconf 89' lang='lat' dir='ltr'>quid</span> <span class='ocrx_word' id='word_1_165' title='bbox 280 3410 433 3485; x_wconf 87' lang='lat' dir='ltr'>fortunae,</span> <span class='ocrx_word' id='word_1_166' title='bbox 452 3409 555 3484; x_wconf 89' lang='lat' dir='ltr'>stulte,</span> <span class='ocrx_word' id='word_1_167' title='bbox 574 3407 724 3472; x_wconf 90' lang='lat' dir='ltr'>delictum</span> <span class='ocrx_word' id='word_1_168' title='bbox 741 3408 866 3495; x_wconf 84' lang='lat' dir='ltr'>arguis?</span> 
     </span>
    </p>

    <p class='ocr_par' dir='ltr' id='par_1_17' title="bbox 109 3501 948 3588">
     <span class='ocr_line' id='line_1_33' title="bbox 109 3501 948 3588; baseline -0.01 -14"><span class='ocrx_word' id='word_1_169' title='bbox 109 3509 146 3574; x_wconf 91' lang='lat' dir='ltr'>id</span> <span class='ocrx_word' id='word_1_170' title='bbox 163 3507 289 3573; x_wconf 91' lang='lat' dir='ltr'>demum</span> <span class='ocrx_word' id='word_1_171' title='bbox 308 3517 356 3570; x_wconf 91' lang='lat' dir='ltr'>est</span> <span class='ocrx_word' id='word_1_172' title='bbox 372 3504 492 3568; x_wconf 90' lang='lat' dir='ltr'>homini</span> <span class='ocrx_word' id='word_1_173' title='bbox 509 3513 611 3587; x_wconf 90' lang='lat' dir='ltr'>turpe,</span> <span class='ocrx_word' id='word_1_174' title='bbox 629 3503 715 3587; x_wconf 92' lang='lat' dir='ltr'>quod</span> <span class='ocrx_word' id='word_1_175' title='bbox 732 3504 847 3568; x_wconf 88' lang='lat' dir='ltr'>meruit</span> <span class='ocrx_word' id='word_1_176' title='bbox 863 3501 948 3588; x_wconf 90' lang='lat' dir='ltr'>pati.’</span> 
     </span>
    </p>
   </div>
   <div class='ocr_carea' id='block_1_6' title="bbox 243 3740 994 3813">
    <p class='ocr_par' dir='ltr' id='par_1_18' title="bbox 243 3740 994 3813">
     <span class='ocr_line' id='line_1_34' title="bbox 243 3740 994 3813; baseline -0.003 -3"><span class='ocrx_word' id='word_1_177' title='bbox 243 3745 325 3810; x_wconf 90' lang='lat' dir='ltr'><strong>XII.</strong></span> <span class='ocrx_word' id='word_1_178' title='bbox 367 3742 550 3813; x_wconf 82' lang='lat' dir='ltr'><strong>PVLLVS</strong></span> <span class='ocrx_word' id='word_1_179' title='bbox 573 3741 639 3808; x_wconf 85' lang='lat' dir='ltr'>AD</span> <span class='ocrx_word' id='word_1_180' title='bbox 661 3740 994 3809; x_wconf 83' lang='lat' dir='ltr'><strong>MARGARITAM.</strong></span> 
     </span>
    </p>
   </div>
   <div class='ocr_carea' id='block_1_7' title="bbox 110 3880 844 4161">
    <p class='ocr_par' dir='ltr' id='par_1_19' title="bbox 110 3880 844 4161">
     <span class='ocr_line' id='line_1_35' title="bbox 154 3880 710 3967; baseline -0.013 -17"><span class='ocrx_word' id='word_1_181' title='bbox 154 3886 193 3950; x_wconf 92' lang='lat' dir='ltr'>In</span> <span class='ocrx_word' id='word_1_182' title='bbox 211 3883 378 3949; x_wconf 89' lang='lat' dir='ltr'>sterculino</span> <span class='ocrx_word' id='word_1_183' title='bbox 396 3883 501 3966; x_wconf 90' lang='lat' dir='ltr'>pullus</span> <span class='ocrx_word' id='word_1_184' title='bbox 519 3880 710 3967; x_wconf 84' lang='lat' dir='ltr'>gallinaceus</span> 
     </span>
     <span class='ocr_line' id='line_1_36' title="bbox 110 3972 844 4062; baseline -0.012 -17"><span class='ocrx_word' id='word_1_185' title='bbox 110 3981 189 4046; x_wconf 89' lang='lat' dir='ltr'>dum</span> <span class='ocrx_word' id='word_1_186' title='bbox 206 3980 328 4062; x_wconf 90' lang='lat' dir='ltr'>quaerit</span> <span class='ocrx_word' id='word_1_187' title='bbox 346 3999 460 4052; x_wconf 87' lang='lat' dir='ltr'>escam,</span> <span class='ocrx_word' id='word_1_188' title='bbox 478 3975 681 4061; x_wconf 86' lang='lat' dir='ltr'>margaritam</span> <span class='ocrx_word' id='word_1_189' title='bbox 698 3972 844 4058; x_wconf 88' lang='lat' dir='ltr'>repperit.</span> 
     </span>
     <span class='ocr_line' id='line_1_37' title="bbox 110 4066 825 4161; baseline -0.013 -20"><span class='ocrx_word' id='word_1_190' title='bbox 110 4076 210 4143; x_wconf 87' lang='lat' dir='ltr'>‘iaces</span> <span class='ocrx_word' id='word_1_191' title='bbox 227 4074 357 4161; x_wconf 89' lang='lat' dir='ltr'>indigno</span> <span class='ocrx_word' id='word_1_192' title='bbox 375 4081 493 4158; x_wconf 86' lang='lat' dir='ltr'>quanta</span> <span class='ocrx_word' id='word_1_193' title='bbox 509 4071 578 4148; x_wconf 88' lang='lat' dir='ltr'>res,’</span> <span class='ocrx_word' id='word_1_194' title='bbox 597 4069 709 4155; x_wconf 89' lang='lat' dir='ltr'>inquit,</span> <span class='ocrx_word' id='word_1_195' title='bbox 729 4066 825 4134; x_wconf 91' lang='lat' dir='ltr'>‘locol</span> 
     </span>
    </p>
   </div>
   <div class='ocr_carea' id='block_1_8' title="bbox 0 0 1298 4506">
    <p class='ocr_par' dir='ltr' id='par_1_20' title="bbox 0 0 1298 4506">
     <span class='ocr_line' id='line_1_38' title="bbox 0 0 1298 4506; baseline 0 0"><span class='ocrx_word' id='word_1_196' title='bbox 0 0 1298 4506; x_wconf 95' lang='lat' dir='ltr'> </span> 
     </span>
    </p>
   </div>
  </div>
 </body>
</html>
