2580 4506
523 232 640 287 LIBER
656 232 707 288 111.

281 482 343 548 III.
387 481 602 548 AESOPVS
625 481 686 546 ET
708 480 945 551 RVSTIGVS.

150 635 221 702 Vsu
239 636 358 722 peritus
377 635 497 701 hariolo
516 636 656 701 veracior

106 731 206 815 vulgo
225 753 293 795 esse
310 730 420 806 fertur,
439 753 535 795 causa
553 728 691 794 sednon
709 730 836 808 dicitur3

106 834 250 889 notescet
266 846 349 907 quae
366 846 451 889 nunc
469 824 607 909 primum
624 824 742 889 fabella
759 847 839 889 mea.

150 919 293 982 Habenti
311 919 437 983 cuidam
454 940 571 1003 peoora
587 930 777 1004 pepererunt
795 941 870 984 oves

108 1035 209 1098 agnos
227 1013 365 1077 humano
384 1013 495 1097 capite.
539 1024 680 1077 monstro
699 1013 865 1078 exterritus
881 1060 883 1066 ·

108 1106 150 1170 ad
169 1107 377 1171 consulendos
396 1107 492 1171 currit
510 1130 653 1173 maerens
671 1107 816 1173 hariolos.

106 1200 160 1265 hic
178 1201 333 1285 pertinere
352 1200 393 1265 ad
410 1200 529 1264 domini
547 1201 716 1285 respondet
733 1213 838 1286 caput,

107 1306 140 1358 et
158 1295 363 1359 avertendum
381 1294 509 1359 victima
527 1294 713 1380 periculum.

107 1389 161 1452 ille
179 1399 285 1452 autem
303 1388 447 1452 adfirmat
465 1389 633 1477 coniugem
654 1412 722 1453 esse
741 1389 918 1455 adulteram

109 1494 140 1546 et
159 1482 303 1546 insitivos
321 1483 491 1567 significari
507 1483 634 1559 liberos,

110 1576 167 1639 sed
186 1576 306 1661 expiari
324 1597 417 1661 posse
436 1575 554 1640 maiore
571 1576 684 1641 hostia.

109 1669 189 1753 quid
206 1670 323 1734 multa?
359 1670 452 1734 variis
472 1670 624 1734 dissident
643 1671 805 1735 sententiis

108 1763 311 1847 hominisque
329 1785 438 1828 curam
456 1785 531 1828 cura
548 1764 666 1829 maiore
684 1764 869 1849 adgravant.

108 1859 259 1942 Aesopus
276 1857 321 1921 ibi
340 1868 437 1934 stans,
455 1857 539 1922 naris
558 1867 723 1923 emunctae
741 1880 848 1936 senex,

109 1963 224 2014 natura
241 1973 415 2034 numquam
432 1952 530 2016 verba
548 1952 599 2016 cui
616 1951 718 2036 potuit
736 1952 825 2016 darer

110 2045 154 2108 ‘si
170 2067 339 2130 procurare
357 2047 404 2110 vis
424 2056 591 2123 ostentum,
610 2046 735 2121 rustice,

109 2139 245 2216 uxores‚’
263 2140 375 2223 inquit,
396 2140 451 2204 ‘da
469 2140 531 2205 tuis
548 2139 747 2224 pastoribus!

344 2454 403 2523 IV.
448 2454 596 2522 LANIV
597 2454 622 2521 S
643 2454 703 2519 ΕΤ
727 2453 897 2521 SIMIVS.

152 2607 297 2674 Pendere
315 2609 355 2672 ad
373 2609 492 2674 lanium
512 2609 643 2693 quidam
661 2608 739 2672 vidit
757 2608 894 2684 simium,

109 2702 192 2768 inter
209 2703 341 2768 relicuas
360 2726 480 2769 meroes
499 2715 595 2787 atque
614 2703 760 2778 obsonia3

110 2798 277 2880 quaesivit,
295 2798 445 2880 quidnam
464 2798 606 2882 saperet?
633 2808 701 2861 tum
718 2796 822 2860 lanius
839 2796 960 2861 iocans:

112 2892 242 2975 ‘quale'
260 2892 372 2975 inquit,
392 2897 502 2975 ‘caput
521 2904 578 2970 est,
596 2891 667 2956 talis
685 2901 863 2977 praestatur
881 2891 995 2976 sapor?

154 2986 301 3050 Ridicule
320 2986 421 3070 magis
439 2986 499 3051 hoc
518 2986 637 3051 dictum
654 3009 751 3068 quam
769 3008 844 3049 vere
862 2985 1008 3062 aestim03
1067 3065 1070 3070 Ι

111 3080 238 3164 quando
257 3091 288 3144 et
304 3079 460 3143 formosos
479 3103 574 3164 saepe
590 3080 696 3145 inveni
713 3079 878 3164 pessimos,

112 3185 145 3240 et
161 3175 245 3260 turpi
262 3174 343 3238 facie
361 3175 478 3239 multos
496 3175 629 3259 cognovi
648 3173 792 3260 optimos.

290 3489 331 3556 V.
375 3487 590 3554 AESOPVS
612 3488 673 3553 ΕΤ
694 3487 951 3555 PETVLANS.

154 3643 329 3710 Successus
347 3645 387 3709 ad
405 3643 576 3728 perniciem
593 3643 709 3707 multos
728 3642 871 3707 devocat.

154 3740 284 3822 Aesopo
302 3738 432 3821 quidam
450 3738 595 3822 petulans
613 3737 752 3821 lapidem
770 3734 955 3822 impegerat.

109 3833 233 3909 ‘tanto‚'
251 3833 363 3915 inquit,
383 3831 536 3897 ‘meliori'
564 3854 666 3896 assem
685 3830 799 3895 deinde
816 3831 862 3894 illi
881 3831 976 3908 dedit,

111 3928 156 3992 sic
173 3938 372 4012 prosecutus:
397 3927 484 4011 ‘plus
502 3948 567 3990 non
584 3925 686 3989 habeo
705 3947 756 3988 me
773 3924 928 4000 hercules,

111 4021 177 4098 sed,
196 4021 280 4085 unde
299 4020 440 4106 accipere
458 4021 572 4107 possis,
591 4019 773 4084 monstrabo
791 4018 859 4084 tibi.
