2580 4506
474 268 683 328 APPENDIX.

71 399 140 454 tum
157 390 288 474 quidam
308 391 413 457 senior
429 415 470 458 ex
487 393 596 458 amicis
614 393 779 481 principis:

70 483 172 550 ‘hunc
189 508 249 571 ego
267 486 422 552 committi
439 486 537 553 satius
555 488 716 553 Fortunae
734 487 879 566 arbitror,

70 578 104 644 in
122 601 186 664 quo
203 581 325 646 iactura
341 582 419 647 levis
437 591 495 659 est,
513 604 609 666 quam
626 582 741 648 fortem
758 582 871 661 virum,

71 673 127 756 qui
144 696 220 740 casu
238 676 340 740 victus
359 676 543 741 temeritatis
561 687 594 741 te
612 677 744 762 arguat!

72 767 212 833 adsensit
229 770 371 856 Magnus
390 782 421 836 et
438 770 581 856 permisit
598 771 690 836 militi

71 862 198 946 prodire
216 876 339 941 contra;
357 864 412 948 qui
429 865 562 930 mirante
580 864 719 930 exercitu

72 954 157 1018 dioto
175 956 308 1022 celerius
327 955 426 1021 hostis
444 956 579 1022 abscidit
597 969 692 1043 caput

70 1048 234 1133 victorque
252 1050 354 1116 rediit.
399 1051 448 1114 his
465 1062 534 1116 tum
551 1051 725 1136 Pompeius
744 1073 853 1138 supere

72 1148 212 1217 ‘corona
231 1143 332 1220 miles,
352 1144 498 1228 equidem
515 1154 547 1208 te
565 1145 649 1209 dono
666 1144 779 1222 libens,

71 1235 158 1318 quod
176 1236 343 1301 vindicasti
360 1236 487 1301 laudem
506 1237 644 1302 Romani
661 1237 788 1322 imperi3

72 1328 130 1393 sed
147 1330 361 1396 exstillescant
379 1330 462 1395 oculi
480 1330 545 1407 sic,’
563 1330 675 1415 inquit,
695 1329 793 1407 ‘mei,'

71 1435 164 1507 turpe
181 1423 260 1488 illud
278 1423 405 1488 imitans
423 1423 472 1488 ius
490 1424 658 1488 iurandum
676 1423 794 1502 militis,

71 1517 148 1581 ‘nisi
164 1528 200 1582 tu
218 1517 374 1584 abstulisti
392 1518 531 1584 sarcinas
548 1540 651 1604 nuper
667 1517 776 1584 meas!

207 1739 271 1807 DL
314 1736 446 1818 IVNO,
469 1738 596 1807 VENV
598 1738 622 1805 S
645 1738 706 1804 ET
730 1738 952 1808 GALLINA.

403 1862 763 1935 [nemmerumuuunea

116 1987 199 2055 (lum
217 1987 392 2051 castitatem
409 1986 491 2050 Iuno
509 1985 654 2050 laudaret
671 2009 771 2063 suam,

72 2082 275 2146 iucunditatis
294 2103 423 2146 oausam
440 2103 505 2144 non
523 2081 641 2165 sprevit
659 2081 780 2156 Venus,

71 2177 255 2258 nullamque
273 2186 309 2239 ut
326 2175 508 2240 adfirmaret
525 2196 594 2239 esse
612 2174 672 2259 ipsi
689 2175 852 2260 imparem,

72 2270 284 2354 interrogasse
303 2269 348 2333 sio
365 2268 518 2353 gallinam
536 2267 664 2332 diciturz

73 2364 148 2440 ‘dio,
167 2364 269 2439 sodes,
288 2374 407 2446 quanto
424 2361 526 2447 possis
545 2361 653 2427 satiari
671 2362 762 2428 cibo!

71 2458 234 2544 respondit
250 2457 317 2521 illa:
342 2456 509 2540 ‘quicquid
528 2456 662 2532 dederis,
681 2457 757 2520 satis
775 2456 844 2534 erit,

72 2553 128 2630 sio,
147 2562 183 2616 ut
201 2550 356 2615 concedas
373 2550 507 2636 pedibus
526 2550 647 2632 aliquid
663 2551 823 2635 scalpere?

73 2654 128 2712 ‘ne
146 2644 290 2730 scalpas,'
308 2644 419 2728 inquit,
439 2644 530 2709 ‘satis
547 2660 594 2710 est
612 2644 737 2708 modius
755 2644 880 2710 triticil'

72 2743 190 2827 ‘plane,
207 2740 304 2803 immo
321 2738 455 2803 nimium
473 2749 534 2814 est3
553 2739 611 2803 sed
628 2739 775 2823 permitte
794 2738 955 2824 scalpere?

73 2842 128 2899 ‘ex
145 2844 221 2910 toto,
239 2854 280 2897 ne
297 2830 375 2915 quid
392 2832 526 2916 scalpas,
545 2830 622 2915 quid
640 2831 832 2896 desiderasl’

72 2939 141 2993 tum
159 2927 294 3011 denique
311 2926 365 2989 illa
382 2925 468 2990 fassa
485 2936 533 2990 est
550 2936 682 2990 naturae
699 2925 833 2991 malum:

73 3022 159 3086 ‘licet
176 3020 324 3084 horreum
341 3017 385 3081 mi
402 3029 519 3104 pateat,
539 3040 600 3103 ego
618 3018 759 3104 scalpam
779 3017 905 3084 tamen?

72 3115 177 3181 risisse
195 3114 276 3178 Iuno
295 3112 409 3177 dicitur
424 3113 560 3180 Veneris
577 3113 674 3188 iocos,

72 3209 147 3295 quia
163 3230 220 3293 per
237 3205 388 3292 gallinam
406 3205 569 3271 denotavit
586 3204 730 3273 feminas.

181 3429 228 3496 X.
270 3427 654 3494 PATERFAMILIAS
677 3425 738 3492 ET
760 3423 984 3494 AESOPVS.

282 3556 435 3624 [Quomodo
448 3554 585 3610 domanda
596 3553 633 3608 sit
643 3553 720 3607 ferox
731 3552 877 3622 iuventus]

113 3678 347 3746 Paterfamilias
365 3701 496 3744 saevum
514 3676 652 3742 habebat
668 3676 778 3742 filium.

71 3778 123 3842 hic
141 3800 158 3841 e
177 3785 347 3859 conspectu
365 3796 437 3839 oum
455 3772 553 3858 patris
570 3783 752 3849 recesserat,

71 3869 257 3936 verberibus
275 3889 383 3932 servos
401 3866 568 3931 adficiebat
585 3864 728 3951 plurimis

71 3976 102 4032 et
121 3963 288 4030 exercebat
305 3961 460 4027 fervidam
478 3959 732 4025 adulescentiam.

71 4061 220 4145 Aesopus
238 4079 314 4144 ergo
332 4056 392 4122 hoc
409 4056 548 4121 breviter
565 4054 705 4121 narravit
723 4053 805 4120 seuit
