2580 4506
535 292 651 349 LIBER
666 292 716 351 IV.

97 404 213 480 ¹odore
230 415 361 480 canibus
379 439 475 481 anum
493 417 632 482 iucundo
650 417 781 503 replent.

114 510 266 574 mandata
284 511 373 574 dant:
391 511 489 596 legati
505 512 674 576 mittuntur
690 513 806 577 statim.

114 603 243 668 abeunt.
278 616 426 689 rogantes
445 605 575 682 aditum,
594 607 742 671 continuo
759 607 936 691 impetrant.

114 699 257 762 consedit
274 700 397 785 genitor
414 711 483 764 tum
500 700 632 766 deorum
648 701 805 765 maximus

113 805 307 876 quassatque
324 793 458 858 fulmen:
478 805 611 860 tremere
630 817 762 880 coepere
780 796 893 860 omnia.

113 907 209 951 canes
227 888 360 965 confusi,
380 889 501 953 subitus
519 891 605 973 quod
622 891 725 954 fuerat
743 890 860 975 fragor,

112 993 243 1066 repente
261 983 388 1048 odorem
405 983 538 1047 mixtum
556 1007 629 1049 cum
646 984 762 1049 merdis
781 996 901 1049 cacam.

112 1076 287 1141 reclamant
303 1100 422 1154 omnes,
439 1079 659 1143 vindicandam
678 1079 834 1144 iniuriam.

113 1169 160 1233 sio
178 1182 224 1235 est
241 1172 364 1236 locutus
381 1184 454 1237 ante
470 1195 607 1258 poenam
623 1173 779 1258 Iuppiter:

113 1264 251 1350 ‘legatos
269 1288 333 1330 non
351 1278 398 1332 est
415 1267 500 1352 regis
518 1290 582 1332 non
600 1268 767 1343 dimittere,

111 1379 174 1422 nec
191 1369 239 1424 est
256 1359 383 1425 difficile
400 1383 519 1446 poenas
537 1362 648 1447 culpae
665 1363 842 1448 imponere;

113 1453 171 1516 sed
187 1452 247 1518 hoo
264 1454 371 1519 feretis
388 1477 446 1540 pro
464 1455 580 1520 iudicio
598 1457 790 1542 praemium:

111 1568 177 1610 non
195 1558 267 1613 veto
285 1549 409 1625 dimitti,
426 1572 536 1614 verum
555 1551 687 1615 cruciari
704 1551 799 1627 fame,

111 1663 154 1704 ne
172 1653 313 1707 ventrem
331 1644 491 1709 continere
508 1666 572 1708 non
589 1645 711 1730 possint
730 1668 831 1709 suum.

111 1734 159 1798 illi
176 1747 291 1814 autem,
309 1738 364 1820 qui
382 1737 535 1802 miserunt
551 1761 608 1802 vos
627 1749 692 1803 tam
708 1737 825 1813 futiles,

111 1851 286 1913 numquam
304 1832 455 1896 carebunt
472 1831 635 1897 hominum
653 1831 861 1897 contumelia!

111 1923 158 1987 ita
173 1947 258 1990 nuno
274 1926 395 2010 legatos
415 1939 633 2012 exspectantes
651 1927 777 2012 posteri,

110 2038 230 2083 novum
248 2020 354 2084 venire
372 2020 427 2104 qui
444 2021 540 2098 videt,
559 2021 665 2086 culum
684 2020 802 2086 olfacit.

174 2247 273 2314 XIX.
320 2248 521 2316 SERPENS
543 2248 855 2316 MISERICORDI
876 2247 1064 2316 NOOIVA.

156 2392 220 2473 Qui
238 2393 299 2459 fert
316 2395 407 2460 malis
425 2395 589 2475 auxilium,
607 2406 678 2481 post
695 2408 820 2482 tempus
839 2396 933 2463 dolet.

155 2485 241 2554 Gelu
257 2489 413 2575 rigentem
430 2490 560 2572 quidam
578 2490 739 2554 colubram
758 2491 883 2555 sustulit

109 2581 245 2666 sinuque
263 2582 353 2660 fovit,
372 2596 481 2648 contra
499 2583 618 2668 seipse
636 2584 812 2649 misericors
818 2609 827 2662 3

108 2700 248 2760 namque
266 2687 302 2741 ut
318 2677 436 2744 relecta
453 2687 510 2753 est,
528 2679 634 2743 necuit
651 2678 810 2743 hominem
827 2678 978 2763 protinus.

109 2771 193 2835 hanc
210 2771 272 2836 alia
289 2793 362 2836 oum
379 2781 505 2856 rogaret
522 2795 651 2837 causam
669 2772 827 2851 facinoris,
1162 2778 1179 2832 ὃ

108 2865 284 2950 respondit:
304 2871 358 2930 ‘ne
376 2865 446 2948 quis
464 2865 564 2931 discat
580 2866 729 2950 prodesse
747 2866 918 2951 improbis!

321 3093 404 3160 XX.
449 3093 631 3162 VVLPES
655 3094 715 3159 ET
737 3092 910 3159 DRACO.

152 3240 284 3325 Vulpes,
302 3239 406 3306 cubile
424 3238 557 3317 fodiens,
576 3241 653 3304 dum
670 3250 786 3306 terram
804 3241 885 3306 eruit

109 3334 239 3420 agitque
256 3336 362 3419 plures
380 3333 473 3411 altius
492 3333 664 3411 cuniculos,

107 3428 255 3514 pervenit
269 3428 311 3492 ad
328 3427 472 3492 draconis
490 3428 674 3512 speluncam
690 3427 842 3506 intimam,

109 3521 305 3586 custodiebat
323 3522 378 3605 qui
396 3521 559 3586 thesauros
578 3521 710 3585 abditos.

108 3616 194 3680 hunc
212 3616 305 3680 simul
323 3615 459 3701 aspexit:
482 3622 562 3690 ‘or0,
581 3626 616 3679 ut
633 3615 864 3700 imprudentiae

109 3710 166 3774 des
183 3710 318 3795 primum
337 3710 476 3786 veniam3
495 3709 609 3773 deinde
627 3709 654 3773 si
670 3708 802 3794 pulchre
820 3708 917 3786 vides,

108 3826 205 3886 quam
222 3825 287 3868 non
305 3803 493 3869 conveniens
512 3827 624 3867 aurum
642 3803 682 3867 sit
700 3804 783 3867 vitae
801 3825 900 3881 meae,

107 3898 301 3982 respondeas
319 3898 496 3963 clementer.
541 3919 635 3981 quem
652 3896 790 3960 fructum
808 3897 894 3982 capis

107 3992 169 4056 hoo
187 4015 227 4056 ex
245 3992 362 4068 labore,
381 3991 505 4074 quodve
523 4002 645 4055 tantum
663 4002 710 4055 est
726 3991 912 4075 praemium,

108 4097 145 4150 ut
162 4109 269 4152 careas
288 4107 398 4151 somno
416 4095 448 4150 et
464 4107 578 4151 aevum
595 4085 628 4150 in
646 4084 784 4151 tenebris
805 4085 946 4171 exigas?
1143 4096 1176 4150 10
