2580 4506
542 348 659 405 LIBER
674 348 698 404 1.

154 464 287 536 Corium
304 472 488 558 depressum
506 473 539 537 in
560 473 657 538 fluvio
675 471 821 536 viderunt
839 492 943 536 canes.

107 565 143 628 id
162 577 197 629 ut
215 587 355 631 comesse
374 577 550 632 extractum
567 576 696 653 possent
713 565 847 642 facilius,

108 680 226 741 aquam
246 681 377 745 coepere
396 660 537 726 ebibere:
556 661 612 726 sed
629 661 714 746 rupti
731 661 819 746 prius

107 753 242 838 periere,
260 775 358 837 quam
375 755 462 837 quod
478 755 634 840 petierant
652 755 879 839 contingerent.

107 1007 211 1074 XXI.
234 1008 329 1074 LEO
345 1008 511 1087 SENEX,
528 1011 662 1087 APER,
677 1008 861 1077 TAVRVS
875 1007 935 1072 ET
948 1003 1127 1072 ASINVS.

153 1162 356 1247 Quicumque
374 1163 478 1228 amisit
496 1164 682 1249 dignitatem
699 1163 874 1248 pristinam,

107 1257 234 1342 ignavis
254 1258 349 1322 etiam
365 1258 453 1322 iocus
471 1272 517 1322 est
535 1259 568 1322 in
587 1281 662 1322 casu
680 1258 780 1343 gravi.

153 1350 309 1416 Defectus
328 1352 417 1416 annis
437 1363 468 1416 et
486 1353 628 1417 desertus
647 1352 765 1415 viribus

108 1445 161 1510 leo
179 1468 252 1509 curn
269 1447 385 1511 iaceret
403 1445 547 1531 spiritum
565 1457 742 1511 extremum
760 1445 897 1520 trahens,

109 1561 188 1624 aper
205 1539 364 1604 fulmineis
383 1541 423 1604 ad
441 1562 515 1604 cum
532 1540 619 1605 venit
637 1539 784 1605 dentibus

110 1644 142 1697 et
161 1633 332 1697 vindicavit
349 1634 412 1699 ictu
432 1645 570 1699 veterem
587 1633 744 1698 iniuriam.

109 1726 234 1792 infestis
252 1739 361 1791 taurus
379 1749 453 1791 mox
471 1727 611 1791 confodit
630 1727 777 1793 cornibus

110 1820 225 1886 hostile
243 1843 367 1907 corpus.
412 1822 529 1898 asinus,
547 1834 583 1888 ut
600 1821 679 1885 vidit
696 1820 799 1886 ferum

110 1915 241 2000 impune
258 1915 351 1990 laedi,
370 1917 508 1981 calcibus
526 1916 662 1980 frontem
680 1914 811 1980 extudit.

111 2018 145 2072 at
163 2008 215 2073 ille
233 2009 411 2094 exspirans:
431 2010 542 2074 ‘fortes
561 2009 690 2094 indigne
708 2007 766 2071 tuli

110 2102 190 2166 mihi
207 2103 371 2168 insultare:
390 2115 432 2181 te,
450 2115 581 2168 naturae
601 2103 746 2178 dedecus,

112 2196 200 2279 quod
218 2197 301 2263 ferre
320 2220 426 2283 cogor,
445 2209 528 2262 certe
546 2197 595 2261 bis
613 2197 722 2261 videor
740 2193 838 2258 mori?

300 2452 418 2518 XXII.
461 2451 688 2520 MVSTELA
709 2451 770 2515 ET
792 2448 944 2515 HOMO.

156 2605 297 2671 Mustela
315 2607 355 2670 ab
373 2606 500 2672 homine
518 2629 633 2692 prensa
650 2629 723 2670 cum
741 2606 909 2670 instantem
927 2624 1037 2668 necem

113 2699 255 2786 effugere
273 2701 380 2766 vellet:
400 2707 409 2736 ‘
414 2723 519 2786 parce,
538 2700 676 2783 quaeso,’
695 2700 808 2783 inquit,
827 2698 927 2775 ‘mihi,

113 2816 197 2877 quae
214 2795 271 2858 tibi
288 2794 427 2860 molestis
446 2793 589 2858 muribus
608 2816 710 2878 purgo
729 2792 878 2857 domum.'

112 2888 275 2973 respondit
292 2889 358 2954 ille:
378 2888 512 2954 ‘faceres
530 2889 557 2952 si
575 2910 670 2952 causa
688 2911 769 2964 mea,

115 2993 242 3069 gratum
261 2996 343 3048 esset
361 2994 392 3047 et
409 2983 566 3047 dedissem
584 2981 709 3047 veniam
728 2980 871 3067 supplici.

113 3099 200 3141 nunc
217 3076 292 3159 quia
309 3078 444 3154 laboras,
462 3087 498 3139 ut
515 3074 629 3141 fruaris
646 3076 796 3159 reliquiis,

114 3193 195 3256 quas
213 3182 286 3235 sunt
302 3171 413 3247 rosuri,
431 3170 524 3234 simul
542 3180 574 3233 et
591 3170 676 3254 ipsos
694 3168 835 3245 devores,

114 3266 181 3329 noli
198 3265 353 3350 imputare
372 3288 488 3328 vanum
507 3264 694 3328 beneficium
712 3262 808 3327 mihi.'

114 3371 212 3442 atque
229 3359 273 3423 ita
289 3360 413 3424 locutus
431 3359 607 3443 improbam
624 3359 687 3423 leto
706 3358 801 3422 dedit.

160 3454 233 3517 Hoc
250 3453 283 3517 in
302 3476 335 3517 sc
353 3453 472 3517 dictum
490 3452 606 3516 debent
622 3451 668 3516 illi
687 3472 867 3536 agnoscere,

115 3569 250 3632 quorum
268 3547 390 3633 privata
408 3546 504 3611 servit
521 3545 639 3610 utilitas
657 3546 727 3621 sibi,

116 3653 150 3708 et
166 3643 312 3707 meritum
330 3641 423 3705 inane
441 3640 559 3705 iactant
576 3638 838 3724 imprudentibus.

356 3895 491 3961 XXIII.
537 3892 674 3959 CANIS
697 3889 895 3958 FIDELIS.

161 4042 305 4128 Repente
321 4040 460 4107 liberalis
478 4040 580 4105 stultis
599 4048 706 4124 gratus
724 4048 782 4114 est,

118 4159 230 4208 verum
247 4135 356 4227 peritis
373 4135 482 4201 inritos
500 4133 601 4200 tendit
618 4133 719 4201 dolos.
