2580 4506
404 308 406 312 ⁴
512 287 720 349 APPENDIX.

210 509 216 518 '
302 499 402 565 XXI.
447 499 627 569 VIATOR
647 500 708 565 ΕΤ
731 499 926 570 CORVVS.

276 597 390 696 [Verbis
402 633 600 689 saepenumero
613 617 704 688 decipi
716 618 803 672 solere
815 619 959 688 homines]

151 726 292 810 Quidam
308 754 365 816 per
383 732 476 817 agros
496 732 623 798 devium
641 755 773 818 carpens
789 731 849 798 iter

107 823 209 887 ‘Avn’
229 825 403 903 exaudivit3
423 837 454 890 et
471 838 612 891 moratus
630 827 807 912 paululum,

109 917 219 982 adesse
238 928 273 983 ut
291 920 370 984 vidit
387 922 556 1000 neminem,
576 923 660 1006 cepit
678 923 822 1006 gradum.

107 1011 222 1077 iterum
241 1014 357 1079 salutat
373 1015 458 1080 idern
477 1040 517 1081 ex
534 1017 657 1082 occulto
676 1039 780 1081 sonus.

109 1127 186 1171 voce
203 1108 351 1193 hospitali
370 1111 571 1176 confirmatus
589 1111 711 1185 restitit,

108 1212 154 1277 ut,
174 1203 316 1285 quisquis
335 1216 428 1283 esset,
446 1228 504 1290 par
522 1206 663 1270 officium
680 1205 843 1290 reciperet.

109 1316 183 1359 cum
200 1296 464 1384 circumspectans
483 1323 588 1365 errore
606 1298 758 1365 haesisset
777 1299 832 1363 diu

109 1401 141 1455 et
157 1391 346 1475 perdidisset
363 1404 489 1480 tempus
507 1395 627 1478 aliquot
644 1393 778 1472 milium,

13 1529 14 1532 κ
109 1486 246 1551 ostendit
264 1511 332 1552 sese
350 1510 464 1553 corvus
482 1500 514 1554 et
532 1491 738 1574 supervolans

109 1579 211 1644 ‘Avn'
230 1603 331 1665 usque
349 1583 491 1669 ingessit.
535 1596 604 1648 turn
622 1607 655 1648 se
673 1583 779 1648 lusum
797 1582 984 1669 intellegens
1147 1590 1181 1644 10

49 1737 51 1742 .
110 1677 158 1737 ‘at
175 1676 257 1740 male
274 1676 334 1740 tibi
352 1678 413 1754 sit,'
430 1677 545 1761 inquit,
563 1678 644 1742 ‘ales
662 1678 810 1762 pessime,

110 1768 166 1851 qui
183 1769 360 1836 festinantis
379 1772 424 1837 sic
442 1771 603 1837 detinuisti
620 1770 747 1858 pedesl’

275 1975 393 2042 XXIL
437 1975 625 2043 PASTOR
646 1975 707 2040 ET
729 1974 958 2041 CAPELLA.

210 2169 213 2173 ,
273 2093 361 2163 [Nihil
371 2094 412 2148 ita
424 2094 561 2149 occultum
573 2111 642 2162 esse,
655 2093 730 2164 quod
741 2108 797 2146 non
807 2093 965 2162 reveletur]

153 2205 267 2271 Pastor
285 2209 425 2294 capellae
443 2230 541 2274 cornu
560 2209 673 2273 baculo
692 2208 845 2294 fregerat:

110 2322 223 2386 rogare
241 2303 353 2388 coepit,
371 2327 411 2368 ne
429 2326 463 2369 se
482 2303 609 2367 domino
627 2302 784 2389 proderet

111 2490 270 2572 ‘quamvis
287 2491 418 2577 indigne
436 2492 534 2568 laesa,
552 2491 693 2556 reticebo
710 2502 816 2554 tamen
822 2514 832 2566 ;

112 2584 167 2648 sed
184 2607 235 2650 res
253 2586 401 2650 clamabit
418 2587 497 2671 ipsa,
516 2585 593 2670 quid
611 2584 802 2668 deliqueris!

259 2790 393 2856 XXIIL
439 2789 644 2856 SERPENS
666 2789 727 2854 ΕΤ
749 2786 980 2855 LAcnRrA.

164 2908 233 2977 [Ubi
243 2908 331 2962 leonis
342 2907 423 2979 pellis
436 2906 539 2976 deficit,
551 2906 693 2978 vulpinam
703 2906 870 2960 induendam
882 2923 955 2976 esse3
967 2907 1020 2961 hoc
1031 2914 1081 2978 est,

357 2984 406 3039 ubi
418 2984 549 3039 deficiunt
560 2984 640 3054 vires,
653 2989 715 3038 astu
726 2984 878 3053 utendum]

157 3100 295 3186 Serpens
312 3101 463 3165 lacertam
480 3100 562 3164 forte
580 3098 746 3164 adversam
765 3098 949 3184 prenderat;

113 3217 209 3279 quam
227 3195 379 3259 devorare
396 3194 504 3279 patula
522 3215 594 3257 cum
612 3192 707 3258 vellet
724 3192 810 3278 gula,

113 3288 243 3373 arripuit
260 3289 315 3353 illa
332 3311 430 3374 prope
448 3288 602 3353 iacentem
621 3287 794 3363 surculum,

113 3396 144 3449 et
161 3383 312 3468 pertinaci
330 3405 438 3448 morsu
454 3394 669 3447 transversum
686 3393 808 3457 tenens,
873 3390 876 3396 '

113 3479 241 3542 avidum
260 3477 378 3541 sollerti
394 3477 508 3541 rictum
526 3476 661 3541 frenavit
679 3497 776 3538 mora.

112 3574 262 3658 praedam
280 3571 398 3637 dimisit
415 3594 469 3637 ore
487 3592 617 3657 serpens
634 3569 764 3634 irritam.
829 3586 834 3597 ·

333 3765 465 3837 XXIV.
511 3763 688 3832 CORNIX
707 3762 768 3830 ΕΤ
790 3762 910 3830 OVIS.

284 3886 397 3957 [Multos
408 3887 543 3941 accesere
556 3883 661 3940 debiles
674 3888 702 3938 et
713 3884 811 3938 cedere
823 3880 961 3951 fortibus]

158 3998 280 4067 Odiosa
298 4000 407 4066 cornix
425 4022 519 4086 super
537 4021 629 4064 ovem
647 3997 846 4074 consederat3

115 4119 211 4184 quam
230 4098 323 4162 dorso
342 4117 415 4160 cum
433 4094 555 4161 tulisset
572 4092 672 4158 invita
690 4102 721 4156 et
739 4091 808 4181 diu:
