2580 4506
209 218 258 285 40'
501 219 930 295 rursumrnavmavn

176 363 193 417 5
210 368 241 422 et
259 380 411 443 usurpare
429 361 523 424 vestri
541 373 686 425 amatum
703 361 852 437 muneris,

208 474 300 536 pares
318 452 393 517 dum
411 475 475 517 non
493 455 554 519 sint
571 466 694 521 vestrae
711 455 904 520 fortitudini’

252 546 324 610 Hoc
343 560 562 633 argumentum
580 560 696 627 monet,
715 560 751 613 ut
769 549 923 614 sustineas
942 549 1000 614 tibi

208 636 318 704 habitu
337 664 404 706 esse
422 642 549 719 similes,
567 643 623 726 qui
641 642 702 708 sint
720 643 834 708 virtute
851 643 997 729 impares.

348 871 462 937 xvn.
505 872 569 937 nn
592 870 824 940 roarvms
846 830 1086 943 noumvu.

251 1015 335 1082 Cum
352 1019 392 1083 de
409 1018 543 1082 fortunis
561 1018 691 1100 quidam
708 1030 891 1101 quereretur
910 1021 985 1096 suis,

146 1117 148 1120 ⁴
208 1112 356 1197 Aesopus
374 1113 464 1176 finxit
482 1113 663 1176 consolandi
682 1113 797 1197 gratia:

251 1207 390 1272 ‘Vexata
407 1206 509 1271 saevis
527 1206 618 1270 navis
634 1209 876 1291 tempestatibus

208 1300 288 1364 inter
306 1312 468 1366 vectorum
484 1301 629 1364 lacrimas
649 1312 680 1364 et
697 1302 805 1364 mortis
823 1312 952 1380 metum,

173 1394 321 1459 asariam
339 1395 380 1458 ad
399 1417 541 1460 serenam
559 1394 663 1458 subito
680 1404 715 1458 ut
733 1406 873 1460 mutatur
890 1396 967 1473 dies,

208 1488 282 1553 ferri
300 1489 445 1567 secundis
463 1499 532 1553 tuta
549 1488 652 1572 coepit
668 1489 795 1553 flatibus

207 1583 366 1666 nimiaque
384 1593 497 1646 nautas
515 1581 672 1646 hilaritate
690 1582 849 1648 extollere.

207 1676 309 1740 factus
326 1676 443 1761 periclo
461 1687 530 1739 turn
546 1676 737 1761 gubernator
755 1676 886 1762 sophus:

207 1776 315 1855 ‘parce
333 1771 472 1855 gaudere
491 1781 613 1854 oportet
630 1780 662 1834 et
680 1771 795 1834 sensim
814 1771 913 1853 queri,

157 1873 191 1927 10
207 1876 306 1929 totam
323 1865 409 1949 quod
427 1865 525 1929 vitam
542 1863 653 1929 miscet
671 1864 760 1930 dolor
777 1877 809 1930 et
826 1865 1016 1950 gaudium.''

310 2094 441 2162 XVIII.
485 2093 652 2162 OANVM
673 2094 850 2160 LEGATI
871 2096 937 2160 AD
959 2096 1126 2166 IOVEM.

251 2239 356 2306 Canes
374 2242 495 2326 legatos
513 2240 589 2304 olim
606 2241 718 2304 misere
737 2241 776 2305 ad
794 2240 914 2319 Iovem,

208 2335 337 2400 meliora
354 2335 437 2398 vitae
455 2346 598 2419 tempora
615 2345 738 2398 oratum
756 2358 842 2413 suae,

207 2442 242 2495 ut
260 2452 328 2494 sese
347 2430 479 2513 eriperet
496 2429 659 2492 hominum
677 2429 882 2506 contumeliis,

206 2523 381 2588 furfuribus
399 2522 459 2586 sibi
477 2544 681 2607 consparsum
699 2523 785 2606 quod
801 2547 917 2608 panem
934 2524 1044 2590 darent

174 2627 191 2679 o
208 2619 345 2701 fimoque
363 2617 446 2701 turpi
464 2616 634 2681 maximam
652 2617 815 2702 explerent
832 2619 958 2684 famem.

207 2712 340 2798 profecti
357 2721 431 2775 sunt
447 2711 544 2796 legati
561 2733 625 2775 non
643 2711 736 2776 celeri
753 2712 844 2797 pede,

207 2807 284 2871 dum
300 2807 430 2871 naribus
448 2816 626 2870 scrutantur
644 2829 749 2871 escam
765 2806 800 2870 in
817 2817 962 2872 stercore.

208 2996 293 3061 citati
309 3017 374 3059 non
390 2994 590 3078 respondent.
636 2995 689 3059 vix
706 2995 832 3060 tandem
849 2995 968 3062 invenit

209 3111 262 3154 eos
279 3088 458 3153 Mercurius
478 3099 508 3152 et
526 3089 667 3154 turbatos
686 3089 831 3153 adtrahit.

157 3196 191 3251 10
207 3195 275 3248 tum
293 3205 366 3248 vero
385 3182 509 3247 vultum
527 3183 635 3269 magni
652 3193 688 3247 ut
705 3184 851 3249 viderunt
867 3184 963 3262 Iovis,

207 3291 306 3344 totam
322 3278 467 3343 timentes
485 3289 694 3343 concacarunt
711 3279 831 3363 regiam
836 3303 845 3356 ;

206 3372 347 3458 propulsi
364 3395 438 3438 vero
456 3372 591 3436 fustibus
609 3372 728 3436 vadunt
745 3373 847 3443 foras.

207 3478 293 3531 vetat
311 3467 424 3531 dimitti
444 3488 580 3551 magnus
597 3466 668 3531 illos
685 3467 837 3552 Iuppiter.

207 3654 311 3719 mirati
328 3655 388 3719 sibi
405 3654 526 3739 legatos
543 3675 607 3718 non
624 3655 784 3731 reverder,

156 3757 190 3812 15
206 3760 297 3834 turpe
315 3749 514 3814 aestimantes
533 3749 652 3832 aliquid
669 3749 870 3814 commissum
888 3749 999 3826 asnis,

206 3856 279 3928 post
297 3843 424 3926 aliquod
442 3854 566 3928 tempus
585 3843 662 3907 alios
681 3842 816 3907 adscribi
834 3842 952 3909 iubent.

207 3960 314 4001 rumor
330 3937 451 4022 legatos
470 3948 504 4001 ut
522 3938 640 4023 priores
658 3937 805 4022 prodidit,

205 4032 351 4100 timentes
368 4054 487 4109 rursus,
505 4032 625 4116 aliquid
642 4055 682 4096 ne
700 4031 800 4096 simile
819 4030 949 4109 accidat,
