2580 4506
496 300 702 358 APPENDIX.

135 422 214 487 Post
231 423 325 508 paulo
344 423 498 488 armillam
515 424 596 488 tollit
614 424 666 489 fur
683 434 874 510 argenteam.

94 539 165 582 eam
181 539 244 583 non
262 540 414 602 apparere
431 529 467 583 ut
485 519 605 584 dictum
622 529 670 584 est
687 518 821 596 mulieri,

94 632 202 675 omnes
221 612 326 676 furore
343 613 437 697 plena
455 623 546 677 vocat
565 624 596 678 et
614 612 746 679 verbera

94 706 239 790 proponit
256 706 376 790 gravia,
395 729 505 771 verum
524 707 632 772 sinon
650 707 793 772 dixerint.

95 799 177 863 ‘aliis
195 799 325 878 minare,
343 823 417 864 nam
434 823 485 866 me
502 823 566 866 non
583 801 685 879 falles,
705 824 771 879 era3

93 894 200 978 flagris
218 916 289 958 sum
307 916 427 971 caesus,
445 918 557 960 verum
574 896 649 980 quia
667 894 733 960 dixi
750 894 865 960 modo?

94 1123 190 1193 XVI.
223 1124 408 1195 GALLVS
428 1124 633 1191 LEOTICA
652 1126 684 1189 A
701 1123 899 1191 FELIBVS
917 1120 1110 1194 VECTVS.

157 1250 287 1320 [Nimiam
300 1251 475 1306 securitatem
487 1268 570 1322 saepe
581 1251 611 1305 in
621 1251 774 1322 periculum
785 1250 909 1305 homines
922 1249 1043 1321 ducere]

137 1374 230 1440 Feles
248 1373 386 1440 habebat
403 1376 505 1460 gallus
524 1375 706 1440 lecticarios.

95 1469 180 1533 hunc
198 1470 332 1556 gloriose
351 1469 463 1555 vulpes
481 1479 516 1534 ut
533 1469 611 1534 vidit
629 1469 712 1548 vehi,

96 1564 141 1628 sic
159 1574 207 1628 est
222 1564 342 1629 locuta:
362 1570 489 1628 ‘moneo
506 1585 697 1649 praecaveas
715 1563 838 1642 dolum3

94 1658 227 1722 istorum
244 1659 351 1722 vultus
367 1679 505 1740 namque
523 1658 549 1722 si
566 1657 756 1735 consideras,

95 1753 246 1838 praedam
263 1763 388 1839 portare
405 1752 534 1831 iudices,
552 1774 616 1818 non
634 1752 809 1819 sarcinam!

96 1952 263 2027 postquam
281 1940 399 2006 esurire
417 1939 521 2026 coepit
539 1940 670 2006 societas
688 1941 766 2018 fera,

97 2037 260 2123 discerpsit
277 2036 440 2100 dominum
458 2046 489 2100 11
505 2035 580 2103 fecit
597 2047 702 2121 partes
720 2034 877 2100 facinoris.

143 2274 256 2342 XVII.
301 2272 484 2341 SCROFA
504 2273 798 2341 PARTVRIENS
821 2273 881 2338 ET
902 2271 1064 2342 LVPVS.

115 2401 294 2472 [Faciendum
304 2401 380 2472 prius
393 2401 428 2456 de
440 2401 549 2457 homine
560 2401 721 2532 pplnculum,
734 2417 816 2471 quam
828 2401 887 2455 eius
898 2404 926 2454 te
939 2398 1090 2455 committas
1175 2418 1177 2424 ·

603 2477 649 2547 ei]

139 2584 308 2650 Premente
325 2596 418 2670 partu
436 2584 539 2650 scrofa
556 2606 630 2648 curn
647 2594 788 2669 gemeret
804 2582 921 2662 iacens,

98 2678 233 2744 accurrit
250 2679 343 2764 lupus
361 2689 392 2742 11
409 2677 584 2743 obstetricis
602 2678 744 2763 partibus

98 2798 133 2839 se
149 2796 242 2859 posse
259 2772 351 2858 fungi
370 2772 459 2849 dixit,
477 2772 662 2858 promittens
680 2794 781 2858 opem.

98 2891 180 2952 quae
197 2888 272 2932 vero
289 2877 396 2932 nosset
413 2867 550 2951 pectoris
567 2866 712 2931 fraudem
730 2864 876 2950 improbi,

98 2974 279 3048 suspectum
297 2961 436 3026 officium
454 2961 632 3046 repudiavit
648 2961 782 3025 malefici

99 3068 143 3123 et:
163 3056 252 3120 ‘satis
271 3056 338 3132 est‚’
356 3055 468 3139 inquit,
488 3055 529 3120 ‘si
545 3055 666 3120 recedis
684 3052 831 3139 longius?

99 3149 228 3235 quodsi
245 3149 395 3234 perfidiae
413 3172 447 3214 11
466 3149 673 3213 commisisset
690 3147 757 3232 lupi

98 3267 212 3330 parens
231 3243 341 3322 dolori,
358 3243 425 3308 fata
443 3243 587 3308 deflesset
606 3265 672 3308 sua

128 3473 259 3542 XVIII.
303 3471 516 3540 AESOPVS
539 3472 600 3539 ΕΤ
622 3470 800 3540 SERVVS
822 3466 1079 3536 PROFVGVS.

340 3597 413 3670 [Non
425 3615 485 3654 esse
497 3599 568 3653 malo
581 3598 737 3654 addendum
748 3598 870 3669 malum]

144 3723 262 3790 Servus
278 3722 463 3808 profugiens
481 3721 643 3787 dominum
660 3733 793 3788 naturae
811 3743 941 3807 asperae

99 3819 228 3903 Aesopo
247 3816 391 3894 occurrit,
409 3828 502 3882 notus
521 3839 538 3880 1
556 3816 680 3881 vicinia.

100 3911 192 3997 ‘quid
209 3922 244 3975 tu
261 3910 443 3975 confususl'
488 3910 606 3975 ‘dicam
623 3910 681 3974 tibi
698 3910 791 3986 clare,
809 3918 912 3994 pater3

100 4006 161 4071 hoc
177 4026 315 4088 namque
333 4027 366 4069 es
385 4003 498 4089 dignus
517 4003 668 4089 appellari
685 4003 822 4080 nomine,

100 4110 169 4166 tuto
186 4100 314 4186 querela
330 4096 406 4183 quia
423 4097 508 4184 apud
526 4109 558 4163 te
576 4096 751 4184 deponitur.
