2580 4506
208 267 251 369 32
502 279 676 336 PHAEDRI
692 280 932 340 FABVLARVM

207 415 326 489 quanto
344 404 503 469 innocenti
520 405 633 470 iustius
651 405 746 470 debet
764 406 849 469 dari?

207 510 281 564 tuae
299 511 373 563 sunt
390 511 495 585 partes
501 524 510 576 3
528 499 656 564 fuerunt
674 499 806 564 aliorum
823 499 924 585 prius3

158 599 192 652 25
209 593 283 658 dein
301 593 394 658 simili
412 615 492 680 gyro
510 593 637 658 venient
654 594 787 658 aliorum
804 595 899 659 vices.

207 688 341 752 decerne
359 689 446 771 quod
462 687 584 772 religio,
602 688 688 769 quod
705 687 822 774 patitur
840 688 927 765 fides,
957 719 959 723 ·

207 794 239 847 et
255 782 394 869 graviter
411 804 462 847 me
480 792 582 846 tutare
599 782 714 870 iudicio
732 792 796 845 tuo.

207 877 331 941 excedit
349 877 472 941 animus
491 897 586 959 quem
603 876 766 961 proposuit
782 876 949 941 terminum
955 900 964 952 ;
1023 887 1025 892 '

207 972 262 1035 sed
281 970 449 1036 difficulter
467 970 645 1035 continetur
662 970 799 1056 spiritus,

156 1071 190 1126 30
206 1064 395 1151 integritatis
413 1064 468 1147 qui
486 1065 626 1129 sincerae
643 1065 786 1130 conscius

208 1183 228 1224 a
244 1159 411 1223 noxiorum
428 1159 581 1244 premitur
598 1159 782 1224 insolentiis.

208 1255 263 1338 qui
280 1254 352 1331 sint,
370 1254 529 1337 requires?
547 1254 744 1339 apparebunt
761 1264 910 1337 tempore.

208 1369 278 1434 eg0,
296 1349 456 1432 quondam
473 1347 537 1430 legi
555 1367 651 1429 quam
672 1369 750 1432 puer
768 1346 954 1411 sententiam

207 1442 338 1528 „palam
355 1441 483 1506 muttire
500 1441 624 1525 plebeio
642 1440 803 1526 piaculum
821 1447 900 1518 est‚“

156 1545 190 1600 35
208 1536 284 1601 dum
302 1536 419 1600 sanitas
437 1535 603 1611 constabit,
620 1536 751 1620 pulchre
769 1536 950 1600 meminero.

440 2188 636 2263 LIBER
671 2187 989 2280 QVARTVS.

390 2413 548 2480 POETA
570 2415 636 2480 AD
659 2414 1040 2483 PARTICVLONEM.

250 2568 333 2635 Cum
352 2569 558 2635 destinassem
575 2571 744 2635 terminum
762 2572 849 2656 operi
867 2582 1003 2636 statuere

206 2664 239 2728 in
256 2664 327 2740 hoc,
345 2675 381 2727 ut
399 2664 467 2729 aliis
486 2676 569 2729 esset
586 2665 736 2730 materiae
755 2666 841 2743 satis,

207 2758 373 2824 consilium
390 2759 486 2823 tacito
504 2760 598 2824 corde
616 2760 763 2824 damnavi
780 2771 896 2824 tamen.

206 2877 280 2917 nam
298 2854 324 2916 si
342 2853 412 2935 quis
430 2853 500 2916 talis
518 2854 613 2917 etiam
630 2854 712 2918 tituli
730 2865 777 2919 est
794 2865 957 2939 appetens,

172 2963 190 3018 5
207 2947 318 3031 quovis
336 2957 429 3032 pacto
447 2947 621 3032 indagabit,
640 2948 791 3031 quidnam
809 2949 976 3023 omiserim,

206 3053 242 3105 ut
258 3041 336 3104 illud
353 3041 457 3125 ipsum
475 3041 704 3125 cupiatfamae
721 3042 854 3117 tradere,

207 3157 265 3198 sua
282 3134 395 3217 cuique
414 3156 487 3198 cum
505 3133 545 3199 sit
562 3135 658 3199 animi
676 3136 840 3221 cogitatio.

207 3230 354 3311 colorque
371 3229 525 3313 proprius.
570 3250 645 3314 ergo
662 3251 727 3293 non
743 3231 854 3295 levitas
872 3229 958 3307 mihi,

207 3323 262 3388 sed
281 3334 365 3388 certa
382 3323 462 3387 ratio
481 3344 609 3387 causam
627 3323 785 3388 scribendi
803 3324 899 3389 dedit.

155 3435 189 3489 10
207 3440 314 3502 quare,
331 3417 503 3494 Particulo,
522 3417 670 3500 quoniam
690 3418 810 3504 caperis
827 3418 943 3482 fabulis

205 3512 298 3596 (quas
317 3512 483 3597 Aesopias,
500 3534 565 3575 non
582 3512 714 3597 Aesopi,
733 3513 870 3590 nomino,

205 3606 280 3690 quia
297 3628 414 3691 paucas
431 3606 485 3670 ille
502 3606 648 3683 ostendit,
667 3629 726 3691 ego
743 3607 850 3692 plures
868 3607 945 3682 fero,

204 3723 281 3765 usus
300 3711 423 3764 vetusto
441 3722 567 3786 genere,
586 3701 641 3765 sed
658 3701 753 3765 rebus
769 3701 883 3782 novis),

205 3805 353 3880 quartum
371 3794 522 3871 libellum,
541 3796 617 3858 dum
633 3795 768 3871 vacabit,
787 3795 939 3880 perleges.

155 3904 188 3959 15
205 3888 289 3954 hunc
307 3882 483 3953 obtrectare
501 3889 527 3952 si
544 3889 627 3977 ¹volet
645 3889 835 3974 malignitas,

205 3984 320 4049 imitari
339 3984 414 4046 dum
432 4005 495 4047 non
512 3984 621 4068 possit,
639 3984 792 4049 obtrectet
808 3983 890 4048 licet.

205 4077 283 4143 mihi
300 4088 390 4164 parta
407 4078 477 4142 laus
495 4088 551 4153 est,
569 4078 655 4162 quod
673 4089 719 4155 tu,
737 4078 823 4162 quod
840 4076 957 4142 similes
974 4075 1022 4141 tui
