2580 4506
493 235 608 290 LIBER
624 236 675 292 III.
692 235 743 294 1v.

110 361 230 418 vestras
248 354 288 418 in'
299 355 422 421 chartas
441 359 538 422 verba
555 359 730 425 transfertis
748 382 820 426 mea

111 445 304 531 dignumque
321 450 417 536 longa
434 453 579 518 iudicatis
596 455 757 520 memoria.

109 538 313 607 inlitteratum
330 545 477 629 plausum
494 570 553 611 nec
571 548 724 614 desidero.

512 748 723 761 m

365 906 392 971 Ι.
435 905 601 975 ASINVS
623 907 684 973 ET
706 907 863 976 GALLI.

153 1037 218 1119 Qui
235 1052 327 1106 natus
346 1054 393 1106 est
409 1043 529 1119 infelix,
547 1066 611 1109 non
629 1045 727 1110 vitam
745 1047 838 1110 modo

109 1132 229 1198 tristem
248 1135 393 1213 decurrit,
413 1160 523 1202 verum
540 1150 612 1223 post
630 1140 751 1203 obitum
769 1163 895 1224 quoque

109 1229 307 1311 persequitur
323 1230 413 1294 illum
430 1230 510 1294 dura
527 1231 585 1295 fati
602 1232 737 1296 miseria.

154 1320 239 1386 Galli
258 1322 406 1408 Cybebes
425 1325 543 1389 circum
560 1326 594 1389 in
611 1337 760 1409 quaestus
778 1328 894 1392 ducere

109 1415 233 1481 asinum
251 1418 394 1483 solebant
411 1419 604 1485 baiulantem
622 1422 770 1486 sarcinas.

108 1510 135 1574 is
154 1533 226 1574 cum
244 1512 351 1577 labore
369 1524 399 1577 et
416 1513 519 1598 plagis
538 1524 621 1579 esset
638 1525 790 1592 mortuus,

108 1604 249 1669 detracta
265 1607 347 1691 pelle
366 1606 426 1670 sibi
443 1607 587 1672 fecerunt
605 1620 765 1694 tympana.

107 1701 210 1784 rogati
228 1723 302 1764 mox
320 1724 339 1765 a
356 1702 504 1784 quodam,
523 1702 634 1766 delicio
653 1726 710 1767 suo

108 1793 258 1875 quidnam
277 1795 435 1872 fecissent,
454 1796 514 1860 hoc
531 1796 625 1861 iocati
643 1808 717 1860 sunt
734 1798 842 1862 modo:

108 1888 255 1972 ‘putabat
273 1911 305 1952 se
323 1901 395 1973 post
412 1903 543 1955 mortem
562 1913 709 1956 secumm
728 1889 810 1967 fore3

107 2003 181 2047 eece
199 1983 280 2047 aliae
297 1985 411 2069 plagae
429 1997 643 2070 congeruntur
661 1985 814 2050 mortuol'

491 2199 535 2264 H.
579 2196 746 2265 POETA.

150 2334 293 2398 Ioculare
311 2334 369 2398 tibi
387 2335 524 2399 videtur:
545 2344 574 2399 et
592 2358 667 2400 sane
684 2336 758 2411 levi,

108 2430 184 2492 dum
201 2429 279 2493 nihil
296 2428 449 2494 habemus
467 2430 580 2507 maius,
598 2431 719 2495 calamo
738 2430 886 2494 ludimus.

107 2523 164 2588 sed
182 2522 348 2609 diligenter
365 2524 486 2589 intuere
504 2525 561 2588 has
580 2524 702 2588 nenias:

107 2629 258 2702 quantam
276 2617 335 2682 sub
353 2618 414 2682 illis
431 2619 598 2682 utilitatem
615 2617 765 2703 reperies!

107 2734 170 2777 non
189 2735 311 2796 semper
329 2734 367 2776 ea
385 2723 468 2788 sunt,
487 2735 569 2795 quae
587 2712 747 2788 videntur3
767 2711 882 2797 decipit

107 2808 193 2870 frons
211 2807 313 2891 prima
330 2807 457 2870 multos:
476 2830 547 2870 rara
563 2829 652 2870 mens
670 2805 834 2890 intellegit,

107 2901 193 2983 quod
209 2901 355 2964 interiore
373 2900 513 2964 condidit
531 2922 607 2964 cura
625 2900 750 2985 angulo.

107 2997 168 3059 hoc
185 3017 225 3059 ne
241 2996 365 3058 locutus
384 2995 451 3059 sine
468 2995 613 3059 mercede
632 2994 801 3068 existimer,

107 3089 256 3153 fabellam
274 3088 407 3152 adiciam
426 3088 466 3152 de
484 3090 619 3153 mustela
636 3099 668 3154 et
684 3087 837 3151 muribus.

149 3183 290 3247 Mustela
307 3204 379 3246 cum
397 3182 487 3246 annis
506 3194 536 3247 et
554 3193 679 3247 senecta
697 3181 809 3245 debilis

107 3301 212 3342 mures
230 3277 354 3341 veloces
372 3298 435 3341 non
453 3276 573 3342 valeret
590 3276 730 3359 adsequi,

106 3371 238 3436 involvit
256 3393 289 3435 se
307 3371 409 3435 farina
426 3383 457 3435 et
475 3372 609 3436 obscuro
627 3370 696 3435 loco

107 3466 222 3531 abiecit
239 3465 451 3551 neglegenter.
495 3489 565 3529 mus
584 3487 688 3530 escam
705 3473 821 3548 putans

108 3559 233 3625 adsiluit
251 3569 282 3624 et
300 3581 501 3645 comprensus
519 3559 667 3624 occubuit
684 3557 763 3622 neci.

108 3655 186 3718 alter
204 3653 344 3718 similiter
361 3653 462 3740 periit,
480 3654 593 3718 deinde
612 3665 643 3717 et
660 3652 780 3717 tertius.

108 3747 227 3830 aliquot
245 3747 359 3811 secutis
377 3746 464 3812 venit
482 3758 512 3811 et
529 3746 710 3820 retorridus,

108 3842 163 3925 qui
181 3863 275 3926 saepe
292 3841 422 3924 laqueos
441 3851 472 3906 et
489 3840 666 3925 muscipula
684 3838 852 3923 effugerat3

107 3936 280 4022 proculque
298 3935 427 3999 insidias
446 3959 576 4001 cernens
594 3934 691 3998 hostis
710 3932 828 3997 callidi:

109 4031 168 4095 ‘sic
186 4029 311 4108 valeas,'
330 4030 441 4115 inquit,
461 4036 470 4065 ‘
476 4041 511 4094 ut
528 4029 631 4094 farina
649 4051 692 4105 es,
710 4049 792 4110 quae
809 4024 921 4093 iacesl'

160 4131 276 4176 Phaedrus.
