2580 4506
212 284 251 358 18
502 303 932 370 enasommavmavn

209 442 276 493 tum
294 430 339 494 sic
357 429 459 495 iocata
477 443 524 496 est
541 434 620 497 tanti
638 434 784 499 maiestas
803 435 906 500 ducis:

210 529 287 587 ‘non
305 526 440 589 multum
458 527 550 611 egisti
568 538 599 591 et
616 551 712 612 opera
728 529 921 613 nequiquam
938 531 1034 616 perit3

158 623 192 678 25
208 620 307 683 multo
326 619 452 685 maioris
470 621 580 706 alapae
598 644 722 687 mecum
739 625 898 689 veneunt?

427 843 486 910 v1.
530 806 711 922 navim
733 841 793 908 m
816 843 1006 912 cosam.

251 994 371 1061 Contra
387 1007 530 1081 potentes
548 1019 641 1062 nemo
660 1009 708 1062 est
724 999 863 1063 munitus
882 1000 972 1078 satis3

206 1091 324 1156 sivero
343 1091 473 1155 accessit
492 1092 670 1156 consiliator
687 1093 859 1170 maleficus,

207 1185 254 1249 vis
272 1195 303 1249 et
320 1185 461 1268 nequitia
478 1185 630 1268 quicquid
648 1198 843 1272 oppugnant,
861 1188 934 1252 ruit.

248 1279 368 1362 Aquila
384 1279 417 1342 in
435 1279 570 1343 sublime
588 1281 715 1344 sustulit
732 1281 932 1345 testudinem.

172 1389 189 1443 5
206 1395 287 1456 quae
306 1396 378 1438 cum
397 1373 569 1438 abdidisset
587 1396 702 1439 comea
720 1396 833 1459 corpus
852 1377 946 1440 domo

138 1498 141 1504 ·
205 1490 264 1531 nec
281 1468 345 1531 ullo
363 1478 456 1552 pacto
473 1467 556 1532 laedi
573 1478 680 1552 posset
698 1469 833 1546 condita,
880 1472 884 1479 ’

205 1562 291 1626 venit
308 1584 365 1645 per
382 1584 474 1626 auras
493 1562 602 1626 cornix
620 1574 651 1627 et
668 1573 796 1647 propter
813 1564 937 1628 volans:

207 1656 359 1740 ‘opimam
377 1679 452 1720 sane
469 1657 620 1740 praedam
637 1657 770 1741 rapuisti
787 1658 962 1742 unguibus3

206 1750 262 1815 sed
279 1751 339 1814 nisi
356 1761 532 1814 monstraro
551 1751 627 1834 quid
645 1750 685 1814 sit
701 1751 881 1816 faciendum
900 1752 967 1829 tibi,

154 1860 188 1913 10
205 1845 296 1930 gravi
313 1844 505 1927 nequiquam
522 1855 553 1908 te
570 1844 699 1909 lassabit
717 1845 875 1928 pondere?

205 1938 360 2025 promissa
376 1950 465 2023 parte
484 1939 605 2015 suadet,
623 1948 658 2002 ut
675 1939 842 2024 scopulum
860 1962 955 2025 super
1043 2014 1045 2019 Ι

206 2033 277 2097 altis
295 2033 336 2096 ab
355 2032 445 2096 astris
464 2032 576 2095 duram
594 2032 705 2096 inlidat
724 2033 881 2109 corticem,

205 2150 269 2211 qua
286 2126 478 2191 comminuta
494 2126 580 2189 facili
597 2136 743 2191 vescatur
760 2127 840 2191 cibo.

205 2222 335 2285 inducta
351 2221 455 2285 verbis
474 2220 589 2303 aquila,
608 2220 733 2284 monitis
752 2220 865 2304 paruit,

154 2331 188 2384 15
205 2316 298 2380 simul
316 2326 348 2379 et
365 2314 533 2399 magistrae
550 2315 639 2398 large
657 2313 761 2377 divisit
779 2315 903 2398 dapem.

206 2410 251 2475 sic
268 2420 335 2473 tuta
352 2430 433 2490 quac
451 2419 582 2471 naturae
600 2408 703 2472 fuerat
720 2430 860 2485 munere,

148 2521 150 2525 ’
204 2504 306 2587 impar
323 2502 448 2567 duabus
466 2501 580 2566 occidit
597 2501 678 2566 tristi
695 2523 783 2566 nece.

351 2724 428 2791 VII.
472 2723 592 2789 MVLI
613 2721 711 2790 DVO
736 2722 795 2787 ΕΤ
816 2722 1073 2791 RAPTORES.

246 2879 330 2944 Muli
351 2878 474 2963 gravati
492 2877 621 2942 sarcinis
637 2878 726 2942 ibant
744 2877 820 2941 duo:

204 2997 286 3038 unus
304 2973 427 3038 ferebat
445 2972 536 3036 fiscos
555 2993 626 3036 curn
643 2971 788 3057 pecunia,

179 3055 186 3074 '
205 3069 284 3134 alter
301 3077 458 3131 tumentes
476 3066 575 3129 multo
593 3087 701 3130 saccos
719 3065 847 3130 hordeo.

204 3163 257 3227 ille
275 3184 370 3226 onere
388 3160 476 3225 dives
494 3161 578 3224 celsa
599 3159 721 3224 cervice
740 3159 856 3224 eminet

170 3273 187 3328 5
204 3258 387 3339 clarumque
405 3255 485 3318 collo
503 3254 597 3318 iactat
616 3253 875 3317 tintinnabulum:

204 3373 309 3416 comcs
327 3349 433 3431 quieto
452 3347 592 3430 sequitur
609 3359 640 3411 et
657 3347 781 3432 placido
800 3347 911 3430 gradu.

204 3445 308 3510 subito
325 3444 463 3508 latrones
481 3465 521 3506 ex
539 3440 659 3505 insidiis
678 3441 827 3505 advolant

204 3539 346 3622 interque
364 3536 492 3601 caedem
510 3536 594 3600 ferro
612 3535 646 3599 in
662 3534 751 3599 illum
769 3535 964 3611 incursitant‚

206 3633 356 3717 diripiunt
373 3652 532 3694 nummos:
551 3629 724 3715 neglegunt
745 3630 806 3694 vile
825 3629 988 3694 hordeum.

155 3745 188 3798 10
206 3728 357 3812 spoliatus
374 3725 471 3810 igitur
489 3746 580 3789 casus
600 3745 672 3788 cum
689 3724 778 3788 fleret
796 3745 884 3787 suos:

205 3820 386 3906 ‘equidem'
404 3818 507 3902 inquit
525 3819 612 3895 alter,
632 3824 697 3882 ‘me
715 3828 929 3913 contemptum
947 3818 1083 3903 gaudeo,

203 3940 278 3982 nam
295 3915 339 3979 nil
357 3913 447 3978 amisi
464 3936 522 3978 nec
541 3937 611 3978 sum
627 3914 732 3978 laesus
750 3911 899 3976 vulnere?

247 4013 320 4074 Hoc
339 4018 524 4094 argumento
543 4018 611 4072 tuta
629 4019 677 4073 est
694 4007 857 4070 hominum
875 4006 1024 4085 tenuitas3

204 4128 338 4192 magnae
355 4104 472 4190 periclo
491 4112 564 4168 sunt
581 4124 657 4187 opes
677 4101 843 4166 obnoxiae.
