2580 4506
493 255 700 316 APPENDIX
812 273 816 279 ’

92 377 293 458 contendant,
312 404 372 467 ego
390 392 422 448 to
439 382 567 467 plurimi
584 383 667 448 facio
686 383 811 450 tamen?

32 496 39 510 ·
91 474 212 539 iuvenis
230 478 398 542 recordans
416 477 561 560 quotiens
580 478 731 564 deceptus
749 478 845 543 foret:

92 569 261 648 ‘libenter,'
279 572 391 654 inquit,
410 579 497 637 ‘mea
514 572 579 649 lux,
598 573 680 637 hanc
698 595 808 639 vocem
827 572 932 650 audio,

90 684 155 729 non
172 664 258 750 quod
276 666 390 744 fidelis,
410 668 467 733 sed
485 668 571 751 quod
588 667 727 733 iucunda
745 691 778 734 es
795 668 892 734 mihi’

417 871 585 940 XXVIII.
629 872 778 938 FIBER.

135 987 228 1058 [Multi
238 988 292 1043 tuti
302 988 434 1059 virerent,
447 989 471 1042 si
483 990 579 1044 salutis
592 990 683 1061 gratia
694 989 774 1061 parvi
785 990 909 1045 facerent
920 991 1064 1062 fortunas]

136 1099 243 1167 Canes
263 1103 404 1188 effugere
423 1125 494 1168 cum
513 1104 576 1167 iarn
594 1126 657 1168 non
675 1104 774 1189 possit
790 1105 870 1171 fiber

95 1194 227 1276 (Graeci
245 1197 393 1280 loquaces
412 1220 507 1281 quem
525 1198 672 1262 dixerunt
690 1210 846 1264 castorem

93 1303 125 1354 et
142 1291 323 1356 indiderunt
340 1292 460 1356 bestiae
479 1315 595 1357 nomen
613 1293 674 1370 dei,

92 1384 148 1460 illi,
167 1385 222 1467 qui
239 1385 357 1449 iactant
375 1409 409 1450 se
427 1386 594 1450 verborum
614 1387 727 1472 copia),

93 1477 237 1561 abripere
256 1501 363 1543 morsu
381 1479 482 1544 fertur
500 1479 662 1545 testiculos
681 1479 751 1557 sibi,

93 1572 168 1654 quia
186 1587 313 1659 propter
329 1574 401 1638 illos'
418 1574 532 1638 sentiat
550 1597 620 1639 sese
637 1574 713 1658 peti.

93 1665 200 1730 divina
216 1669 302 1750 quod
319 1668 440 1733 ratione
457 1668 525 1733 fieri
542 1691 606 1733 non
624 1690 755 1755 negem3

93 1772 224 1825 venator
241 1783 378 1845 namque
397 1762 490 1827 simul
508 1762 629 1827 invenit
646 1762 831 1838 remedium,

93 1855 210 1918 omittit
226 1855 331 1940 ipsum
348 1856 496 1943 persequi
514 1867 546 1920 et
563 1866 691 1923 revocat
708 1879 813 1922 canes.

135 1949 209 2013 Hoc
227 1951 253 2014 si
271 1961 431 2035 praestare
449 1961 579 2035 possent
596 1951 750 2028 homines,
768 1962 804 2015 ut
823 1971 880 2015 suo

93 2043 211 2108 vellent
229 2066 344 2120 carere,
363 2045 422 2109 tuti
440 2044 573 2129 posthac
591 2046 732 2111 viverent
738 2070 746 2123 ;

93 2134 179 2201 haud
196 2139 363 2224 quisquam
380 2138 509 2204 insidias
528 2140 614 2204 nudo
632 2139 751 2206 faceret
768 2138 900 2226 corpori.

284 2343 421 2410 XXIX.
465 2343 658 2410 PAPILIO
681 2344 741 2411 ET
763 2343 926 2414 VESPA.

129 2457 203 2529 [Non
213 2462 392 2530 praeteritam
403 2462 452 2516 sed
464 2468 638 2533 praesentem
650 2463 838 2534 aspiciendam
851 2479 910 2517 esse
922 2461 1079 2534 fortunam]

136 2574 262 2659 Papilio
281 2599 412 2661 vespam
429 2588 557 2662 propter
575 2579 709 2643 volitans
727 2577 858 2642 viderat.

93 2675 128 2732 ‘o
147 2681 263 2734 sortem
281 2670 437 2754 iniquaml
457 2672 533 2735 dum
550 2672 700 2736 vivebant
717 2692 858 2757 corpora,

94 2784 230 2846 quorum
248 2787 287 2829 ex
304 2765 444 2848 reliquiis
463 2767 601 2830 animam
618 2788 675 2830 nos
693 2766 883 2852 accepimus,

95 2880 155 2942 ego
174 2860 325 2942 eloquens
343 2858 375 2923 in
393 2882 482 2945 pace,
501 2859 591 2924 fortis
608 2860 746 2944 proeliis,

95 2963 162 3017 arte
179 2954 264 3017 omni
281 2953 427 3039 princeps
445 2954 527 3019 inter
545 2955 693 3038 aequales
711 2955 767 3018 fui.

95 3070 135 3112 en
154 3059 268 3113 cuncta
284 3048 395 3113 levitas
413 3048 514 3132 putris
534 3061 566 3114 et
583 3049 679 3113 volito
698 3046 790 3113 cinisi

95 3153 131 3206 tu
148 3142 203 3224 qui
220 3142 307 3207 fuisti
325 3143 429 3208 mulus
448 3143 637 3221 clitellarius,

96 3258 328 3321 quemcumque
346 3238 449 3301 visum
468 3248 525 3316 est,
543 3238 642 3305 laedis
660 3237 756 3302 infixo
775 3234 905 3301 aeneo?

96 3342 128 3394 at
146 3354 243 3417 vespa
260 3333 390 3419 dignam
406 3331 548 3397 moribus
566 3354 676 3399 vocem
695 3330 807 3398 edidit:

96 3432 174 3491 ‘non
192 3427 247 3509 qui
264 3426 427 3504 fuerimus,
445 3426 502 3492 sed
519 3427 573 3518 qui
590 3449 676 3492 nunc
693 3426 802 3503 simus,
821 3424 913 3490 vide?
1131 3422 1166 3477 1⁰

214 3637 334 3706 XXX.
378 3638 697 3707 TERRANEOLA
718 3638 778 3704 ET
800 3636 993 3706 VVLPES.

325 3758 432 3828 [Pravis
443 3775 498 3813 non
510 3773 570 3812 csse
582 3756 666 3811 fidem
678 3755 885 3829 adhibendam]

139 3872 231 3951 Avis,
250 3894 347 3958 quam
364 3871 473 3938 dicunt
489 3872 699 3938 terraneolam
716 3870 835 3951 rustici,

96 3967 130 4034 in
148 3981 230 4034 terra
247 3969 359 4034 nidum
376 3968 451 4053 quia
469 3968 630 4054 componit
647 3964 776 4047 scilicet,

97 4065 178 4131 forte
196 4064 372 4131 occucurrit
388 4063 551 4150 improbae
568 4062 770 4149 vulpeculae3
