2580 4506
544 304 659 363 LIBER
675 300 698 361 Ῑ.

157 424 357 512 Oppressum
376 427 416 491 ab
439 428 545 511 aquila
563 441 594 494 et
611 430 704 494 fletus
724 429 867 494 edentem
886 453 998 515 graves

109 519 254 606 leporem
273 522 461 606 obiurgabat
478 544 600 606 passer:
620 523 691 587 ‘ubi
708 524 876 607 pernicitas

75 610 77 617 ’
109 614 209 691 nota‚’
228 615 339 698 inquit,
358 616 426 679 ‘illa
444 617 509 680 est?
552 617 629 698 quid
645 617 689 680 ita
707 629 869 682 cessarunt
886 618 1014 703 pedes?’
1164 623 1182 676 ὃ

112 708 192 771 dum
209 709 357 792 loquitur,
375 708 479 794 ipsum
498 710 646 795 accipiter
663 712 852 796 necopinum
868 711 951 796 rapit

110 814 290 885 questuque
307 825 390 866 vano
408 804 621 868 clamitantem
638 805 794 870 interficit.

109 894 204 979 lepus
224 897 441 961 semianimus:
461 897 584 962 ‘mortis
602 921 642 962 en
660 898 825 962 solacium!

75 1024 77 1031 ·
110 989 167 1070 qui
185 990 280 1054 modo
298 1012 427 1054 secums
444 1002 552 1055 nostra
568 992 727 1056 insidebas
746 993 839 1069 mala,

109 1082 207 1147 simili
226 1085 355 1167 querela
372 1084 439 1149 fata
456 1084 601 1169 deploras
619 1085 694 1149 tua!

176 1353 223 1420 X.
268 1355 419 1426 LVPVS
441 1356 501 1420 ΕΤ
524 1355 707 1424 VVLPES
733 1354 895 1424 IVDICE
918 1355 1061 1423 SIMIO.

156 1506 361 1591 Quicumque
379 1510 462 1594 turpi
480 1510 592 1574 fraude
609 1510 707 1575 semel
725 1510 870 1588 innotuit,

97 1603 253 1667 etiamsi
271 1625 381 1667 verum
399 1603 483 1678 dicit,
503 1603 617 1667 amittit
634 1604 740 1668 iidem.

108 1695 174 1760 hoo
193 1696 366 1760 adtestatur
382 1697 487 1761 brevis
506 1697 627 1782 Aesopi
644 1697 762 1761 fabula.

155 1790 271 1874 Lupus
289 1791 442 1874 arguebat
459 1792 588 1875 vulpem
606 1790 682 1854 furti
699 1791 843 1867 crimine3

107 1885 252 1970 negabat
269 1885 323 1948 illa
341 1907 374 1948 se
393 1906 462 1949 esse
481 1885 592 1968 culpae
610 1885 794 1968 proximam.

109 1992 191 2042 tunc
207 1978 303 2042 iudex
321 1977 488 2043 interillos
507 1978 588 2042 sedit
606 1979 723 2043 simius.

109 2083 245 2154 uterque
263 2095 391 2136 oausam
410 2094 483 2136 cum
499 2086 698 2156 perorassent
716 2095 816 2149 suam,

109 2165 231 2230 dixisse
249 2165 349 2230 fertur
366 2165 475 2229 simius
494 2166 694 2230 sententia-m:

110 2268 162 2323 ‘tu
181 2281 245 2323 non
262 2255 377 2324 videris
395 2259 570 2344 perdidisse
590 2261 675 2342 quod
692 2259 788 2345 petis3

109 2364 145 2419 te
163 2353 257 2419 credo
275 2353 470 2438 subripuisse
488 2355 573 2435 quod
590 2354 722 2439 pulchre
739 2354 859 2439 negas?

244 2616 308 2682 XI.
352 2616 520 2684 ASINVS
542 2617 602 2682 ET
624 2615 718 2682 LEO
742 2616 998 2685 VENANTES.

157 2769 293 2838 Virtutis
312 2793 424 2855 expers
443 2771 548 2836 verbis
566 2772 685 2836 iactans
703 2772 836 2857 gloriam

107 2866 237 2951 ignotos
255 2865 344 2942 fallit,
362 2864 445 2929 notis
464 2877 511 2929 est
529 2865 655 2930 derisui.

153 2960 273 3026 Venari
291 2960 388 3024 asello
407 2959 520 3025 comite
538 2982 611 3024 curn
629 2959 724 3024 vellet
741 2959 802 3036 leo,

108 3053 249 3119 contexit
267 3053 356 3118 illum
374 3053 487 3118 frutice
506 3064 536 3118 et
555 3053 717 3117 admonuit
734 3053 838 3130 simul,

107 3158 148 3213 ut
164 3148 289 3213 insueta
307 3169 384 3211 voce
402 3158 532 3213 terreret
549 3147 643 3224 feras,

107 3240 269 3326 fugientes
286 3241 354 3326 ipse
372 3242 540 3325 exciperet.
583 3240 635 3307 hic
653 3241 808 3305 auritulus

108 3336 281 3400 clamorem
299 3335 403 3399 subito
421 3335 501 3399 tollit
519 3335 591 3399 totis
609 3334 729 3399 viribus

107 3450 258 3512 novoque
275 3429 381 3493 turbat
398 3428 515 3493 bestias
534 3429 695 3492 miraculo.

108 3545 192 3607 quae
211 3524 286 3587 dum
303 3534 454 3607 paventes
473 3522 576 3586 exitus
594 3533 685 3586 notos
703 3532 824 3606 petunt,

106 3618 210 3682 leonis
228 3617 422 3702 adfliguntur
440 3617 595 3681 horrendo
614 3617 744 3701 impetu.

108 3711 165 3794 qui
182 3722 351 3796 postquam
370 3711 466 3774 caede
484 3711 587 3775 fessus
606 3721 662 3785 est,
681 3710 805 3773 asinum
823 3720 933 3773 evocat

107 3804 259 3888 iubetque
276 3827 386 3870 vocem
406 3827 557 3889 premere.
601 3815 677 3868 tunc
693 3804 746 3868 ille
763 3802 913 3867 insolens:

110 3899 226 3983 ‘qualis
244 3898 370 3963 videtur
388 3921 483 3983 opera
501 3898 559 3961 tibi
577 3898 662 3962 vocis
681 3897 801 3961 meae?’

110 3993 280 4079 ‘insignis'
299 3991 410 4074 inquit,
429 3992 498 4067 ιεἱο,
517 4002 562 4068 ut,
580 3992 639 4055 nisi
657 4013 782 4054 nossem
800 4001 890 4055 tuum

111 4088 250 4153 animum
268 4106 440 4173 genusque,
459 4086 551 4150 simili
569 4085 722 4172 fugissem
740 4085 846 4150 metu?
