2580 4506
339 742 375 826 P
409 745 454 827 H
490 746 530 825 A
564 744 600 825 Ε
635 744 676 825 D
710 747 751 826 R
785 746 809 827 Ι

386 925 573 989 Avcvsrr
589 927 761 989 nrnnnrr

132 1086 534 1167 FABVLARVM
573 1086 1011 1170 AESOPIARVM

328 1266 523 1342 LIBER
560 1266 817 1345 PRIMVS.

500 1461 647 1474 *

439 1585 705 1656 PROLOGVS.

106 1728 255 1811 Aesopus
273 1736 383 1791 auctor
401 1747 498 1808 quam
515 1726 680 1791 materiam
698 1729 846 1813 repperit,

62 1818 147 1884 hanc
165 1841 224 1906 ego
242 1820 340 1904 polivi
358 1819 502 1883 versibus
521 1819 660 1883 senariis.

63 1915 183 1998 duplex
199 1913 297 1978 libelli
316 1912 372 1977 dos
391 1923 452 1977 est:
471 1912 557 1994 quod
574 1913 672 1976 risum
690 1924 797 1979 movet

63 2019 96 2072 et
113 2008 200 2090 quod
216 2007 363 2092 prudenti
382 2006 480 2071 vitam
498 2006 628 2071 consilio
647 2018 763 2072 monet.

64 2101 249 2166 calumniari
268 2103 294 2165 si
312 2100 383 2184 quis
402 2110 508 2164 autem
526 2101 671 2177 voluerit,

64 2195 151 2278 quod
168 2195 295 2261 arbores
312 2196 492 2278 loquantur,
510 2217 575 2258 non
593 2205 716 2260 tantum
733 2195 830 2272 ferae,

62 2290 143 2355 fictis
161 2289 257 2355 iocari
273 2312 331 2355 nos
347 2288 525 2355 meminerit
543 2288 668 2354 fabulis.

465 2467 683 2481 m

325 2596 352 2662 Ι.
397 2596 548 2663 LVPVS
571 2596 631 2662 ΕΤ
654 2594 820 2663 AGNVS.

106 2733 162 2798 Ad
178 2731 283 2797 rivum
300 2732 437 2798 eundem
455 2733 549 2817 lupus
567 2744 599 2799 et
617 2756 719 2818 agnus
737 2744 889 2798 venerant

62 2829 116 2894 siti
134 2828 301 2912 compulsi3
320 2828 462 2911 superior
480 2826 584 2891 stabat
602 2828 696 2912 lupus

61 2924 220 3007 longeque
238 2921 367 2987 inferior
384 2944 495 3006 agnus.
539 2932 615 2986 tuno
633 2921 726 2987 fauce
743 2921 888 3007 improba

60 3017 143 3082 latro
160 3015 308 3079 incitatus
325 3015 419 3098 iurgii
438 3037 565 3079 causam
582 3016 695 3080 intulit.

62 3106 154 3186 ‘cun'
172 3108 283 3192 inquit,
302 3108 530 3174 ‘turbulentam
548 3109 649 3173 fecisti
666 3107 744 3172 mihi

11 3200 14 3205 ’
61 3225 178 3287 aquam
194 3202 348 3267 bibentit’
384 3202 506 3287 laniger
523 3215 632 3267 contra
649 3203 777 3268 timensz

61 3297 132 3382 ‘qui
149 3319 288 3381 possum,
305 3317 434 3379 quaese,
452 3297 567 3373 facere,
586 3297 671 3381 quod
688 3297 838 3380 quereris,
856 3297 950 3383 lupe?

60 3415 81 3456 a
98 3403 130 3456 te
148 3390 287 3455 decurrit
304 3391 344 3454 ad
361 3413 448 3455 meos
466 3390 597 3455 haustus
615 3391 735 3474 liquor?

59 3485 206 3571 repulsus
224 3485 276 3549 ille
294 3484 434 3548 veritatis
452 3484 586 3548 viribus:

60 3586 149 3644 ‘ante
167 3578 225 3642 hos
243 3601 299 3642 sex
316 3600 439 3643 menses
457 3578 560 3656 male‚'
578 3580 632 3656 ait,
652 3577 774 3643 ‘dixisti
790 3577 888 3644 mihi'

58 3672 222 3757 respondit
240 3695 355 3758 agnus:
383 3672 546 3756 ‘equidem
563 3685 656 3738 natus
674 3695 737 3737 non
756 3673 861 3737 eram.’

60 3775 165 3852 ‘pater
182 3766 287 3832 hercle
304 3778 380 3832 tunc
397 3766 489 3841 tuus:
511 3767 623 3850 inquit,
642 3767 738 3832 ‘male
756 3766 834 3832 dixit
852 3767 949 3833 mihi?

59 3874 156 3944 atque
173 3860 218 3924 ita
235 3872 413 3945 correptum
430 3860 547 3926 lacerat
564 3861 680 3925 iniusta
697 3883 785 3926 nece.

101 3956 193 4020 Haec
211 3966 340 4039 propter
356 3954 426 4018 illos
444 3955 561 4040 scripta
578 3966 625 4020 est
642 3954 785 4020 homines
803 3955 922 4032 fabula,

59 4050 114 4136 qui
131 4047 212 4115 fictis
231 4048 333 4115 causis
350 4048 532 4117 innocentes
550 4048 743 4136 opprimunt.

405 4156 408 4164 .
880 4149 917 4201 q„
970 4156 974 4161 .
