2580 4506
528 197 643 254 LIBER
658 198 708 256 IV.

107 338 150 380 ne
167 315 241 383 data
257 319 439 403 possideant
456 331 511 384 aut
528 321 687 398 fruantur3
705 332 787 386 tum:
807 323 900 390 simul

107 408 226 475 habere
241 434 293 477 res
311 413 469 491 desierint,
488 437 567 498 quas
585 415 771 501 acceperint,

108 515 241 570 centena
258 508 351 572 matri
368 509 530 574 conferant
548 511 700 575 sestertia.

107 598 253 664 Athenas
271 624 379 666 rumor
396 602 515 687 implet.
559 615 660 668 mater
678 604 788 669 sedula

107 691 184 758 iuris
201 695 320 779 peritos
338 696 486 773 consulit3
505 720 598 762 nemo
617 699 753 783 expedit,

107 808 171 869 quo
189 800 282 872 pacto
299 813 363 855 non
381 791 572 877 possideant,
591 792 676 876 quod
693 792 789 857 fuerit
806 792 925 869 datum,

106 881 286 948 fructumve
304 885 443 970 capiant3
462 885 586 963 deinde,
605 909 687 970 quae
704 886 832 951 tulerint
849 887 937 963 nihil,

108 996 247 1058 quanam
263 979 384 1045 ratione
403 980 566 1045 conferant
583 981 759 1066 pecuniam.

106 1082 275 1155 postquam
293 1086 480 1160 consumpta
498 1087 546 1140 est
563 1076 713 1160 temporis
731 1076 818 1161 longi
836 1098 934 1152 mora,

106 1187 167 1230 nec
184 1168 363 1232 testamenti
380 1169 481 1253 potuit
500 1191 610 1234 sensus
629 1169 745 1255 colligi,

106 1259 202 1323 fidem
220 1261 396 1338 advocavit,
414 1263 482 1327 iure
500 1265 656 1349 neglecto,
674 1286 797 1347 parens.

107 1355 230 1439 seponit
247 1356 397 1421 moechae
415 1368 545 1435 vestem,
563 1357 719 1421 mundum
737 1357 933 1435 muliebrem,

106 1447 296 1514 lavationem
315 1462 510 1537 argenteam,
529 1451 701 1528 eunuchos,
720 1451 846 1535 glabros
852 1477 861 1529 3

106 1542 249 1608 lanificae
268 1545 397 1630 agellos,
414 1567 539 1631 pecora,
558 1546 676 1622 villam,
695 1546 865 1629 operarios,

106 1637 215 1714 boves,
232 1639 372 1704 iumenta
389 1650 421 1704 et
437 1640 681 1705 instrumentum
698 1639 865 1716 rusticum3

106 1732 219 1816 potrici
235 1732 362 1817 plenam
380 1734 516 1819 antiquis
534 1734 720 1819 apothecam
739 1734 835 1810 cadis,

106 1826 236 1890 domum
254 1827 384 1912 politam
402 1840 434 1893 et
450 1828 599 1893 delicatos
617 1827 768 1892 hortulos.

106 1921 152 1985 sic
170 1921 325 1987 destinata
344 1923 419 1987 dare
437 1945 510 1988 cum
528 1923 622 1987 vellet
639 1922 772 2007 singulis

106 2026 139 2080 et
157 2015 346 2100 adprobaret
362 2017 509 2102 populus,
527 2018 582 2101 qui
600 2017 670 2080 illas
687 2026 828 2093 noverat,

106 2110 255 2195 Aesopus
273 2111 378 2175 media
395 2112 499 2177 subito
518 2112 551 2175 in
569 2111 662 2176 turba
680 2110 832 2174 constitit:

107 2211 140 2268 ‘0
159 2204 186 2267 si
202 2215 345 2269 maneret
362 2205 487 2269 condito
506 2228 616 2270 sensus
634 2205 726 2290 patri,

107 2320 203 2380 quam
220 2299 359 2384 graviter
376 2299 482 2375 ferret,
501 2299 586 2383 quod
608 2299 805 2362 voluntatem
823 2320 913 2362 suam

106 2393 304 2478 interpretari
321 2414 384 2456 non
401 2394 576 2478 potuissent
593 2391 721 2459 Atticit’

106 2498 236 2572 rogatus
254 2486 368 2551 deinde
385 2487 479 2551 solvit
496 2509 633 2553 errorem
651 2485 805 2550 omnium:

107 2580 251 2645 ‘domum
269 2590 300 2644 et
317 2592 501 2645 ornamenta
518 2604 590 2645 curn
609 2579 748 2645 venustis
766 2579 898 2643 hortulis

107 2685 139 2741 et
155 2675 229 2739 vina
247 2685 354 2740 vetera
371 2675 443 2740 date
461 2675 604 2740 lanificae
622 2674 757 2738 rusticae
763 2698 772 2750 3

107 2780 239 2846 vestem,
257 2770 400 2846 uniones,
416 2770 605 2854 pedisequos
623 2780 655 2833 et
673 2780 777 2833 cetera

106 2864 153 2930 illi
170 2865 345 2949 adsignate,
363 2864 461 2928 vitam
479 2887 561 2948 quae
578 2865 656 2927 luxu
674 2862 783 2938 trahit3

108 2981 201 3045 agros
220 2968 251 3022 et
268 2958 375 3022 villam
393 2969 425 3022 et
441 2980 556 3044 pecora
573 2980 645 3022 cum
663 2956 843 3040 pastoribus

108 3055 222 3118 donate
239 3052 400 3117 moechae.
444 3051 532 3116 nulla
550 3051 664 3137 poterit
682 3049 813 3135 perpeti,
874 3046 877 3057 ’

107 3157 143 3212 ut
162 3147 300 3211 moribus
318 3146 395 3229 quid
413 3156 518 3211 teneat
536 3146 675 3210 alienum
693 3145 767 3208 suis.
868 3216 871 3221 ,

108 3241 258 3306 deformis
277 3241 396 3304 cultum
414 3240 539 3315 vendet,
558 3251 593 3303 ut
610 3239 719 3302 vinum
736 3246 840 3322 paret3

108 3358 203 3421 agros
221 3334 335 3398 abiciet
352 3333 494 3408 moecha,
512 3344 549 3397 ut
566 3343 712 3397 ornatum
729 3341 833 3416 gerat;

109 3442 142 3494 at
159 3430 213 3493 illa
229 3429 371 3515 gaudens
389 3449 502 3512 pecore
520 3438 551 3491 et
567 3426 659 3490 lanae
677 3425 784 3490 dedita

109 3544 309 3608 quacumque
327 3545 451 3606 summa
467 3521 569 3585 tradet
586 3520 730 3585 luxuriae
749 3519 886 3582 domum.

110 3618 155 3683 sic
171 3618 259 3682 nulla
275 3616 457 3702 possidebit,
476 3615 561 3699 quod
579 3614 675 3679 fuerit
692 3614 812 3689 datum,

110 3723 141 3778 et
159 3713 274 3777 dictam
292 3713 385 3775 matri
403 3710 565 3775 conferent
582 3709 749 3794 pecuniam

110 3829 151 3872 ex
168 3807 269 3892 pretio
286 3829 401 3882 rerum,
419 3827 498 3888 quas
517 3803 715 3868 vendiderint
733 3801 896 3887 singulae'

152 3903 203 3966 Ita
221 3900 307 3984 quod
324 3900 496 3965 mulsorum
511 3898 594 3982 fugit
611 3897 865 3982 imprudentiam,

110 3995 204 4062 unius
221 3995 357 4061 hominis
374 3993 512 4082 repperit
529 3991 675 4057 sollertia.
926 4088 943 4147 3

946 4094 959 4126 U
