2580 4506
315 565 589 635 DELEOTVS
612 566 939 636 FABVLARVM

205 706 323 752 SOLVTA
336 705 488 749 ommim
502 704 765 757 commatrum,
779 706 859 754 stn
872 705 894 748 A
905 705 1049 748 Pnannao

466 791 615 834 omomnu
629 790 781 834 ramur.

450 983 474 1040 Ι.
510 984 588 1042 Mvs
606 986 657 1039 ET
675 983 804 1041 RANAJ

149 1089 211 1143 Mus
228 1085 282 1160 qud
297 1086 414 1142 transire
430 1083 523 1158 posset
539 1088 622 1142 facile
634 1089 745 1155 flumen,
762 1086 845 1158 petiit
855 1102 939 1140 ranae
949 1086 1087 1140 auxilium.
1119 1088 1168 1141 illa

80 1158 227 1229 posteriori
240 1157 313 1211 cruri
327 1172 375 1210 suo
388 1155 445 1209 lino
458 1155 557 1227 alligat
591 1157 670 1210 edem
678 1157 797 1227 priorem
806 1154 899 1224 muris,
912 1160 940 1207 et
951 1160 1078 1208 natantes
1086 1154 1167 1210 vene·

80 1225 315 1281 runtiumedium
329 1224 445 1279 amnem.
474 1230 550 1278 muta
590 1224 646 1279 fide
659 1224 805 1279 submersit
816 1239 846 1276 se
858 1238 926 1277 rana
938 1228 966 1276 et
976 1223 1060 1277 traxit
1076 1240 1169 1278 secum

81 1297 132 1349 sub
154 1295 233 1365 aquis
253 1293 376 1376 soricem.
413 1308 467 1363 quo
481 1298 587 1347 mortuo
603 1309 728 1365 surgens,
745 1309 807 1347 cum
823 1292 1010 1415 ἓιιὶιέι-ιθᾞ,
1022 1290 1169 1415 31ιῖ1ιὲ)έέ

80 1363 213 1486 ffilff
233 1363 363 1501 fflllldsa?
377 1361 984 1501 ‹cqffl‘ivrlgffingtelrrilrlrrseezaslgttgrgtfflxpertlo,
997 1376 1077 1483 simul
1094 1429 1168 1484 exitu

80 1501 314 1635 ῳωᾘιιᾞξιῗιὲἓῒιιι
325 1567 397 1636 aliis,
409 1565 526 1638 seipsos
538 1567 705 1621 interimunt

317 1703 355 1760 Π,
390 1682 511 1758 cunni
527 1702 607 1759 nvo
625 1703 676 1756 ur
693 1701 923 1759 Aoommrns

150 1796 247 1853 Gallus
260 1798 324 1851 dum
338 1813 399 1851 cum
411 1796 466 1850 alio
478 1796 553 1867 gallo
564 1796 676 1867 saepius
687 1796 843 1851 intenderet
853 1813 892 1866 pu
948 1815 985 1866 m,
997 1796 1112 1866 requirit
1123 1813 1167 1851 ac·

82 1866 208 1937 cipitrem
225 1866 278 1919 sibi
294 1866 439 1919 vindicem.
475 1865 609 1934 accipiter
623 1881 688 1920 vero
704 1865 836 1935 sperabat
845 1870 877 1918 ut
907 1882 953 1918 nm
964 1864 1045 1919 ambo
1058 1866 1094 1919 ad
1106 1882 1169 1920 eum

81 1936 228 2003 venissent,
234 1934 323 2005 ipsum
328 1934 376 2005 qui
385 1951 414 1988 se
424 1939 482 1986 tum
492 1933 634 1987 exhiberet
643 1935 793 1988 devoraret.
809 1951 870 1987 cum
878 1933 1017 1987 venissent
1025 1939 1089 1987 ante
1097 1934 1168 1988 iudi·

81 2021 150 2071 cem,
159 2008 190 2056 ut
199 2019 310 2056 causam
319 2019 397 2056 suam
406 2006 581 2072 exponerent,
590 2003 723 2071 accipiter
731 2002 822 2071 ipsum
831 1999 1100 2072 comprehenditqui
1109 2003 1168 2057 eius

42 2073 44 2077 '
81 2069 171 2142 primo
182 2069 302 2142 petiertt
312 2071 410 2124 forum.
437 2075 467 2124 at
474 2070 522 2124 ille
531 2071 670 2125 clamabat
681 2073 748 2123 ‘non
757 2087 817 2123 sum
826 2086 887 2141 ego,
900 2072 949 2123 sed
960 2070 1008 2124 ille
1017 2071 1064 2139 qui
1072 2070 1168 2151 fugam

80 2140 168 2210 petit’
207 2139 252 2193 cui
263 2139 396 2209 accipiter
412 2138 480 2191 dixit
496 2141 564 2191 ‘non
575 2142 606 2192 tn
618 2139 714 2192 credas
727 2155 760 2193 ex
771 2138 839 2192 meis
852 2139 990 2210 unguibus
1005 2138 1087 2193 hodie
1099 2140 1168 2193 hbe·

80 2209 145 2276 rari,
159 2208 224 2277 quia
237 2208 311 2288 quod
322 2214 354 2261 tu
366 2207 421 2260 alio
434 2207 577 2262 intendere
585 2207 705 2278 voluisti,
717 2223 835 2277 aequum
848 2212 889 2260 est
900 2212 931 2260 ut
942 2207 1002 2277 ipse
1016 2208 1167 2262 sustineas’

149 2276 203 2341 Qui
215 2277 330 2330 ahorum
340 2291 437 2330 necem
447 2280 569 2329 tractant
580 2280 609 2330 et
620 2275 655 2330 de
666 2274 789 2347 ipsorum
800 2275 868 2346 quid
879 2281 979 2347 agatur
990 2275 1126 2346 ignorant.

296 2420 349 2475 111.
384 2419 462 2476 Mvs
479 2420 660 2477 VRBANVS
677 2421 728 2474 ΕΤ
746 2419 955 2477 Rvsrlcvs.³

148 2512 277 2596 Hospitio
290 2515 427 2584 quondam
439 2511 500 2569 mus
516 2517 638 2570 urbanus
655 2521 785 2586 exceptus
798 2521 840 2570 est
850 2515 946 2570 urstici
957 2518 985 2569 in
998 2517 1067 2570 breui
1077 2521 1167 2572 casula

81 2585 217 2639 ethumih
249 2584 331 2638 lande
343 2594 367 2638 et
377 2586 470 2638 hordeo
482 2585 598 2638 cenavit.
626 2601 736 2639 causam
748 2583 872 2656 perfecit
899 2581 1028 2655 perduxit
1038 2585 1167 2655 precibus

80 2650 144 2723 post
158 2653 188 2707 in
203 2669 236 2705 ur
257 2668 300 2705 em
315 2651 448 2706 misticum
465 2651 616 2721 cellquue
633 2652 747 2707 intrarit
781 2650 880 2706 lrlrimo
891 2653 1021 2707 refertam
1033 2653 1101 2708 cibo.
1136 2655 1167 2708 in

81 2738 136 2791 qua
148 2739 209 2775 cum
219 2721 303 2774 variis
314 2719 465 2790 perfruitur
476 2723 589 2788 cibariis,
606 2721 683 2774 ostiis
696 2737 713 2773 a
725 2737 757 2774 ce
810 2722 837 2775 io
853 2720 979 2791 repulsis,
996 2725 1104 2790 strepitu
1116 2732 1166 2776 ter·

80 2792 126 2842 riti
139 2789 260 2844 urbanus
275 2793 341 2842 nota
355 2788 438 2842 facile
454 2806 484 2843 se
500 2789 645 2843 abscondit
655 2805 782 2857 caverna,
799 2793 829 2842 at
844 2790 928 2843 miser
942 2788 1081 2843 rusticusi
1102 2795 1167 2845 nota

80 2855 203 2927 trepidtt
218 2858 299 2911 domo
329 2855 497 2926 mortemque
515 2862 639 2911 metuens
654 2857 728 2912 circa
743 2857 864 2927 parietes
882 2853 1004 2911 cursitat.
1040 2874 1071 2913 ce
1093 2859 1166 2913 arius

81 2942 152 2997 quae
172 2926 259 2979 voluit
278 2897 397 3006 sulstulit²
418 2923 569 2996 clausitque
590 2925 682 2980 limen.
717 2925 818 2979 iterum
837 2925 958 2980 urbanus
978 2926 1110 2981 rusticum
1129 2928 1167 2982 ad

81 3011 174 3048 escam
185 2995 317 3048 hortatur.
348 2993 449 3047 atille:
461 2993 520 3046 ‘vix
531 3011 642 3064 possum
653 2994 733 3048 valde
745 2995 914 3065 perterritus.
945 2999 1063 3064 putasne
1073 2996 1167 3049 reniet

80 3061 161 3115 ille?’
189 3067 310 3117 ‘tantum
322 3077 388 3133 ergo
399 3067 523 3116 metuens
535 3063 575 3116 ait
585 3062 660 3116 haud
676 3063 726 3115 has
738 3068 769 3116 tu
801 3064 883 3116 cteris
899 3061 1022 3116 invenire
1034 3063 1164 3118 delicias)

80 3130 137 3195 Qui
148 3130 303 3212 respondit:
315 3133 372 3184 ‘mo
384 3131 464 3211 glans
476 3147 601 3184 securum
612 3135 709 3201 pascat
721 3135 748 3184 et
761 3080 895 3186 liberum!

79 3198 328 3338 mirpQurfiiruplips
341 3203 383 3252 est
393 3215 423 3251 1n
433 3199 628 3268 paupertatula
640 3215 690 3253 sua
701 3215 794 3254 secum
805 3200 896 3254 vivere
909 3214 992 3270 qnam
1008 3195 1166 3257 divitiarum

147 3283 199 3322 rso
231 3284 288 3321 <uu
308 3284 361 3321 me.

294 3385 344 3442 lV.
381 3384 519 3442 ASIst
537 3386 688 3443 DOMINO
707 3385 950 3444 annuamus*

147 3487 250 3541 Asinus
271 3487 371 3542 cotidie
392 3488 506 3542 videbat
526 3489 655 3543 catellum
675 3489 796 3542 blandiri
816 3489 956 3542 dominum
972 3494 1000 3543 et
1017 3491 1052 3544 de
1072 3507 1167 3547 mensa

81 3554 199 3611 saturari
216 3560 244 3610 et
260 3572 278 3609 a
293 3554 399 3610 familia
410 3556 452 3610 illi
464 3555 560 3626 largiri
572 3557 660 3627 plura.
696 3556 736 3610 sic
753 3556 821 3610 dixit
837 3557 942 3611 asinus:
960 3557 998 3611 ‘si
1010 3575 1106 3613 canem
1116 3561 1166 3615 im-

79 3623 287 3679 mundissimum
300 3624 340 3678 sic
353 3625 444 3696 diligit
457 3624 580 3678 dominus
596 3642 673 3679 meus
686 3629 714 3678 et
730 3624 844 3694 familia,
861 3636 955 3695 quanto
972 3629 1054 3696 mayis
1069 3646 1121 3698 mc,
1138 3634 1167 3683 et

80 3694 105 3748 si
117 3692 277 3762 obsequium
287 3692 328 3746 illi
340 3692 441 3761 fecero,
454 3693 501 3763 qui
510 3693 595 3746 multo
604 3694 667 3762 plus
676 3693 772 3747 melior
784 3712 844 3748 sum
854 3711 936 3775 quam
948 3695 1024 3748 canis
1036 3700 1064 3748 et
1074 3698 1166 3752 multis

79 3763 163 3816 rebus
174 3760 339 3815 laudabilior
351 3766 378 3814 et
386 3762 466 3816 valde
475 3760 551 3815 utilis
561 3766 644 3831 (aqua
654 3780 685 3814 eu
694 3762 795 3816 sanctis
804 3763 925 3816 fontrbus
935 3763 1001 3832 alor,
1013 3764 1091 3819 cibus
1099 3765 1167 3820 mihi

130 3904 143 3941 1
156 3901 279 3942 Vossianus
289 3903 333 3942 oct.
343 3901 368 3942 lb
377 3897 415 3952 (V)
424 3912 459 3941 nr.
467 3903 481 3942 4
490 3902 518 3942 ol.
528 3902 752 3951 Weissenbnrgensls
763 3900 810 3954 (W)
819 3907 838 3952 1,
849 3905 868 3944 11.
883 3903 991 3945 Romulus
1000 3902 1038 3956 (R)
1048 3908 1067 3956 1,
1077 3909 1096 3947 ³.
1110 3918 1167 3956 quoe

80 3964 109 3993 ex
118 3953 174 3994 WR
182 3952 266 4001 addidi,
281 3953 377 4002 obliquis
389 3952 473 3992 littoris
485 3953 619 4002 significavi.
647 3964 685 3994 sos
699 3955 737 4004 qut
746 3954 844 3996 Phaedri
858 3966 936 3996 versus
949 3957 1067 3997 restituero
1075 3960 1168 4008 tempta-

80 4005 144 4054 bunt,
154 4004 192 4045 hio
200 4003 248 4043 illio
258 4005 387 4044 accentibus
396 4005 474 4053 positis
483 4005 566 4044 adiuvi.
581 4004 609 4045 ct.
618 4006 689 4056 praet.
699 4007 775 4056 nvn.
828 4009 840 4048 a
849 4007 870 4051 V
879 4007 898 4047 θ.
949 4009 962 4048 8
971 4009 991 4049 V
1001 4010 1032 4050 1³.
1042 4009 1069 4050 cf.
1079 4010 1109 4053 W
1117 4011 1137 4061 2,
1147 4013 1167 4055 1.

72 4055 172 4108 ,Rlpms
225 4056 572 4108 fiV17101·W2,10·Rl‚160
