2580 4506
544 286 714 329 PRAEFATIO
1125 285 1174 330 VII

84 396 130 450 vel
150 397 324 451 coniecturae
343 397 387 450 vel
408 396 462 453 VN
481 396 558 450 libris
581 397 620 449 in·
638 395 760 450 Phaedri
776 399 942 452 carminibus
958 415 1073 470 ponere:
1090 400 1174 453 immo

84 464 159 533 nixa,
173 481 244 535 quae
256 470 439 536 tamenquam
471 467 573 518 roxime
585 465 621 519 ad
638 481 703 518 vero
719 466 876 535 pedestrem
893 468 1007 522 formam
1023 468 1121 538 reliqui
1132 468 1173 521 in-

83 484 620 605 PRaccedatoportetauxifiumpeten-
638 538 741 587 tactam
764 552 816 589 nec
844 536 897 589 nisi
924 554 986 591 raro
1014 537 1175 591 accentibus

85 602 152 655 dum
165 608 213 656 est.
638 602 735 672 positis
746 603 819 656 viam
831 605 980 659 monstravi
990 622 1045 674 qua
1056 607 1092 659 ad
1104 605 1174 659 anti·

118 670 279 725 Perottinae
295 670 407 726 fabulae
422 671 545 726 Phaedri
566 688 620 724 ma·
658 687 707 724 uos
730 688 825 725 versus
848 673 1049 743 perveniretur:
1073 673 1175 728 etenim

84 755 151 792 num
163 756 226 794 cum
234 738 364 809 referant,
377 756 409 793 ex
419 741 505 794 altero
515 740 620 810 quinto·
639 687 796 809 iiseipulis,
829 741 928 810 quibus
955 744 1072 795 maxime
1104 744 1175 796 hacc

84 821 141 875 que
167 808 238 861 libro
266 808 412 861 maximam
438 813 547 879 partem
574 809 620 861 de·
639 808 724 861 editio
741 814 863 878 paratur,
883 826 935 863 nec
950 810 1090 881 ingratum
1104 811 1176 864 illud

85 886 198 945 carptae
212 892 271 930 esse
286 877 421 930 videntur.
459 876 536 940 Quae
548 877 620 946 quod
639 893 691 930 nec
711 877 807 930 inutile
828 877 888 930 fore
913 879 1009 946 oredo,
1031 896 1126 933 curare
1144 884 1176 933 ut

87 945 221 999 vocabula
240 945 371 999 nonnulla
390 945 494 999 habent
513 946 542 998 in
558 945 620 999 reli·
638 961 765 998 versuum
794 947 845 1000 reli
865 946 924 999 uias
952 947 1010 1000 illic
1042 947 1176 1019 indagent

85 1012 215 1080 quianon
227 1013 308 1067 obvia
317 1013 398 1083 (ilico,
410 1013 501 1083 immo,
513 1013 620 1082 iterum,
639 963 971 1136 carminumgluleti'ormam
983 1020 1114 1084 quantum
1125 1032 1174 1085 po-

85 1081 175 1150 sodes,
195 1081 291 1150 vafer),
316 1081 346 1134 id
362 1082 392 1134 in
407 1087 485 1136 tanta
501 1082 620 1135 omnium
638 1086 730 1134 terunt
757 1099 788 1136 re
810 1084 816 1095 '
837 1087 946 1152 tegrent
972 1082 1036 1153 ipsi.
1083 1084 1176 1140 Unam

84 1165 177 1204 rerum
188 1149 367 1203 similitudine
379 1150 419 1203 nil
434 1156 529 1204 contra
540 1151 619 1205 valet.
639 1150 770 1203 fabellam
795 1150 918 1220 quamvis
946 1152 1060 1205 metrica
1086 1151 1176 1206 forma

84 1248 118 1259 -
133 1217 212 1281 Quae
227 1218 318 1272 medio
333 1234 414 1287 aevo,
430 1219 487 1271 iam
499 1223 530 1272 ut
545 1219 619 1271 vide-
639 1219 747 1272 omnino
767 1218 824 1273 iam
845 1225 973 1290 egentem
994 1220 1098 1288 addidi,
1120 1237 1176 1290 qua

84 1291 130 1340 tur
146 1285 182 1339 ab
199 1291 291 1340 aetate
306 1284 491 1357 Carolingicn,
509 1287 620 1340 fabulae
638 1286 760 1340 Phaedri
772 1287 837 1340 libri
848 1288 862 1340 I
874 1289 941 1357 prol.
952 1305 977 1340 v.
989 1289 1172 1342 dillustretur.

84 1354 208 1408 Phaedri
217 1354 619 1422 aliorumqueinsolutamora-
639 1355 740 1409 Omnes
768 1372 800 1408 ex
828 1356 986 1426 plenissimo
1014 1356 1175 1410 Hervieuxii

85 1422 187 1476 tionem
209 1423 363 1476 scholarum
379 1423 408 1475 in
426 1441 505 1476 usum
525 1440 620 1477 versae
638 1423 708 1477 libro
721 1424 873 1494 desumpsi3
888 1428 978 1477 textus
990 1431 1082 1478 autem
1093 1443 1175 1495 quem

88 1497 158 1558 sunt,
175 1491 212 1545 ad
225 1490 347 1545 criticam
364 1492 560 1546 instituendam
576 1492 620 1544 vix
638 1498 737 1545 vocant
748 1492 777 1544 in
791 1492 891 1545 iustam
908 1492 1024 1545 formam
1041 1494 1088 1547 ubi
1106 1511 1175 1564 opus

105 1558 237 1629 uidquam
246 1561 319 1629 quod
328 1566 430 1614 certum
440 1560 485 1627 sit,
494 1561 618 1614 atl'erunt.
639 1565 698 1614 erat
708 1560 777 1612 mihi
787 1561 842 1630 ipsi
856 1567 915 1615 erat
927 1562 1104 1615 revocandus.

87 1575 177 1684 zoam
187 1628 294 1697 excipio
304 1629 430 1699 syllogen
439 1630 541 1682 codicis
551 1630 619 1684 Vos·
671 1628 813 1682 Postremo
835 1645 890 1697 qua
907 1630 1013 1683 ratione
1029 1630 1175 1684 Phaedrus

85 1696 156 1749 siani
165 1700 218 1749 oct.
229 1697 271 1765 15,
283 1713 365 1766 quam
375 1697 463 1751 edidit
471 1714 542 1750 anno
554 1699 620 1751 1109
638 1702 724 1750 metro
739 1696 858 1751 iambico
874 1703 931 1751 tam
946 1698 1064 1751 iucunde
1081 1703 1110 1752 et
1124 1715 1174 1769 po-

85 1764 234 1834 Nilantius,
256 1782 279 1820 a.
300 1764 368 1818 1884
384 1766 415 1819 L.
433 1765 572 1819 Hervieux
591 1767 619 1818 in
638 1766 686 1818 lite
706 1782 772 1818 usus
793 1766 836 1833 sit,
860 1765 956 1835 paucis
981 1766 1174 1836 explicandum

85 1833 156 1886 libro
169 1832 216 1901 qui
231 1833 389 1886 inscribitur
406 1833 459 1887 ‘les
476 1833 620 1888 fabuhstes
639 1838 687 1885 est.
715 1832 817 1886 Omnes
828 1839 939 1903 praeter
950 1834 1076 1888 ultimum
1087 1837 1174 1905 pedes

84 1901 185 1983 latins,’
198 1917 269 1970 quae
278 1902 324 1983 hic
333 1902 390 1982 illic
399 1919 485 1971 prope
495 1903 575 1983 abest
584 1902 619 1955 ab
638 1902 788 2021 spondeum
808 1901 946 1983 recipiunt
961 1918 1043 1972 quem
1064 1903 1174 1973 quintus

84 1969 1174 2109 11111111111111111111111111111111111111

85 2124 145 2159 rum
157 2106 245 2159 forma
257 2107 401 2176 pedestris,
413 2124 431 2160 a
440 2124 494 2176 qua
502 2108 620 2177 profecti
638 2107 666 2159 in
677 2107 795 2176 pedibus
806 2107 896 2160 locum
911 2106 1023 2176 habeat,
1040 2113 1132 2162 tamen
1144 2110 1174 2163 in

85 2179 114 2229 et
125 2191 277 2244 anonymus
283 2175 556 2246 weissenburgensis
566 2180 619 2240 (co-
638 2175 723 2228 altero
745 2180 773 2228 et
789 2175 870 2228 tertio
886 2181 1041 2244 quartoque
1060 2194 1173 2246 perraro

85 2244 138 2296 dcx
151 2241 385 2313 Guelferbytanus
398 2243 470 2298 (iud.
487 2245 535 2298 lat.
549 2244 619 2311 148.)
638 2243 754 2296 occurrit
771 2260 861 2313 nequa
877 2261 942 2296 vero
956 2245 1010 2297 duo
1029 2248 1173 2315 anapaesti

86 2319 113 2365 et
136 2311 268 2365 Romulus
290 2311 338 2364 ille
362 2313 409 2381 qui
433 2313 533 2366 dicitur
556 2328 619 2366 suas
638 2328 697 2365 sese
719 2311 865 2381 excipiunt.
905 2312 1172 2368 Proceleusmaticus

85 2379 241 2433 fabularum
276 2381 458 2435 conlectiones
495 2381 618 2434 institue·
636 2380 665 2433 in
676 2379 773 2450 primo,
782 2380 938 2451 tribrachys
951 2397 1034 2451 saepe
1045 2383 1074 2434 in
1087 2383 1174 2437 altero

84 2454 155 2504 runt.
175 2449 202 2500 A
214 2448 330 2502 Romulo
342 2465 435 2503 omnes
447 2450 505 2503 fere
517 2449 618 2519 pende·
636 2447 717 2501 tertio
728 2454 825 2517 quarto
832 2449 905 2518 pede
913 2450 1020 2518 positus
1029 2455 1078 2503 est.
1098 2451 1174 2514 Quas

85 2516 335 2570 bantrcccntiorcs.
355 2518 426 2572 Nam
435 2535 490 2571 non
499 2523 563 2572 ante
572 2535 617 2570 an·
636 2517 1172 2586 praetereaobservantiassubtiliterex·

85 2602 150 2637 num
167 2585 234 2637 1506
250 2584 395 2639 Phaedrus
411 2586 420 2637 i
442 2602 471 2639 se
487 2586 617 2653 innotuit3
637 2585 739 2653 plorari
750 2601 830 2654 posse
842 2585 875 2638 L.
890 2585 1040 2639 Muellerus
1053 2588 1173 2641 ostendit

104 2669 167 2705 uem
195 2658 260 2706 tunc
291 2670 324 2706 ex
351 2657 377 2706 P
405 2671 419 2707 e
442 2654 492 2706 'dit
519 2654 618 2707 Petrus
637 2654 794 2722 permultas,
812 2670 861 2708 eae
893 2655 1022 2724 leraeque
1035 2671 1068 2708 ex
1085 2669 1172 2709 coor-

85 2668 231 2786 ffhthoeus,
264 2721 363 2774 deinde
395 2722 443 2776 alii
470 2722 618 2791 innumeri3
636 2728 682 2774 tae
695 2722 833 2775 essemihi
844 2672 980 2791 rigentur,
996 2723 1171 2792 quodPhae-

86 2790 375 2843 commemorandihoc
386 2790 446 2844 loco
459 2795 522 2843 sunt
530 2791 557 2845 N
558 2807 618 2844 evc-
637 2790 701 2843 drus
713 2790 781 2843 illud
794 2807 872 2843 suum
889 2791 1022 2845 ‘varietas
1039 2791 1172 2847 delectat'

85 2859 156 2911 letus
168 2866 249 2923 (anno
259 2859 344 2925 1610),
356 2857 529 2912 Burmannus
541 2859 619 2924 (1698
636 2857 676 2910 ita
687 2857 745 2911 fere
757 2858 787 2910 in
802 2859 957 2928 pangendis
973 2860 1097 2913 versibus
1110 2861 1171 2915 dili-

87 2926 499 2995 etsaepius),Bentleius(1'126),
510 2926 617 2981 Schwa-
636 2926 795 2996 gentissime
811 2927 972 2997 observavit,
994 2934 1026 2981 ut
1043 2934 1172 2983 accentus

85 2994 148 3049 hius
159 2995 255 3063 (1806),
272 2995 388 3048 Bothius
401 2996 497 3064 (1825),
513 2996 569 3048 Ber
589 3012 618 3048 cr
636 2994 780 3047 verborum
789 3011 969 3064 versuumque
981 2995 1011 3048 in
1021 2997 1107 3052 altero
1115 3003 1170 3052 ter-

86 3063 121 3117 de
140 3063 246 3133 Xivrey
267 3063 363 3131 (1830),
384 3063 502 3117 Orellius
522 3013 617 3144 (1851)²
635 3063 729 3133 tioque
738 3068 821 3131 atquc
831 3063 915 3117 etiam
924 3069 1022 3131 quarto
1031 3066 1103 3134 pede
1112 3065 1171 3120 fere

84 3132 107 3184 E
129 3131 317 3185 ssenhardtius
356 3133 458 3202 (1861,
500 3133 616 3186 Luciam
636 3148 745 3201 semper
754 3132 1071 3202 consentiantlinquarto
1081 3150 1169 3202 paens

115 3200 212 3254 uclleri
237 3200 279 3254 ed.
308 3200 397 3253 minor
421 3218 445 3255 a.
471 3201 550 3269 1868,
575 3202 617 3255 ed.
637 3216 752 3270 semper,
776 3200 830 3253 nisi
852 3200 902 3254 ubi
924 3216 976 3253 vox
996 3201 1025 3253 in
1046 3202 1171 3270 quintum

84 3270 207 3322 maiora.
223 3269 298 3322 1811.
636 3273 762 3338 porrecta
794 3285 811 3322 a
842 3268 937 3337 quinto
965 3271 1043 3337 quasi
1079 3287 1170 3324 secum

118 3337 289 3407 Appendicis
303 3338 363 3391 loco
379 3337 497 3407 primum
509 3336 618 3390 fabulas
636 3336 776 3405 trahitur),
793 3336 823 3389 in
839 3337 927 3407 primo
942 3338 1099 3407 conspirent
1112 3340 1170 3409 ple-

83 3406 250 3487 Perottinas3
261 3407 360 3460 deinde
370 3406 482 3486 exsyllo
504 3406 526 3457 's
535 3406 618 3486 medii
636 3421 759 3485 rumque,
776 3411 870 3486 contra
885 3406 915 3458 in
931 3406 1029 3488 quinto
1041 3412 1171 3477 sextoque

84 3475 475 3612 {infestaretis
496 3479 745 3612 1111111111.
769 3475 1084 3598 1111111111
1106 3493 1171 3615 333:

85 3610 201 3680 scriptas
211 3612 300 3680 attuli,
308 3628 379 3680 quae
388 3611 563 3666 autmaxima
572 3616 620 3664 aut
637 3626 690 3680 que
714 3615 806 3663 cetera
825 3627 860 3663 ue
884 3612 918 3664 de
942 3611 1042 3679 quibus
1070 3630 1172 3683 magna

84 3679 178 3748 aliqua
194 3686 316 3748 exparte
329 3680 476 3750 genuinam
493 3697 618 3733 versuum
638 3697 699 3733 cum
712 3695 777 3731 cura
819 3679 935 3733 uellcrus
949 3680 1007 3749 egit
1022 3681 1169 3750 pertinent.

85 3748 201 3802 formam
223 3753 280 3801 tam
304 3749 377 3802 clarc
401 3749 561 3817 ostendunt,
589 3754 619 3800 ut
638 3748 773 3811 Quattuor
784 3747 907 3817 syllabae
920 3754 1062 3817 correptae
1079 3750 1131 3802 nisi
1142 3749 1172 3802 in

85 3816 177 3870 multis
199 3817 267 3871 locis
294 3816 371 3871 facili
400 3833 483 3886 opera
509 3817 550 3870 illi
577 3833 619 3869 rc·
637 3816 726 3887 primo
741 3816 813 3885 pede
830 3821 858 3869 ct
874 3816 1040 3885 singularem
1056 3817 1091 3870 ob
1108 3835 1171 3872 cau·

85 3884 1171 4022 11111111111111111111111111111111111111

87 4020 172 4075 Gauii
184 4022 335 4075 Burmanni
346 4021 473 4077 Muelleni
482 4023 553 4076 fotus
565 4039 619 4076 uno
672 4022 713 4074 Eo
724 4022 781 4074 iam
795 4026 957 4102 perventum
973 3994 1071 4090 est‚'ut
1087 4024 1121 4076 de
1138 4040 1171 4077 ea

83 4091 181 4145 ordine
205 4107 267 4146 cum
296 4090 416 4160 antiquis
440 4095 468 4145 et
494 4091 621 4163 genuinis
638 4091 743 4145 ratione
776 4090 913 4162 disputem
941 4106 1023 4160 quam
1050 4090 1079 4144 in
1109 4106 1170 4146 con·
