2580 4506
205 238 248 305 22
497 253 671 311 PHAEDRI
688 255 928 313 FABVLARVM

205 375 371 461 Hebrique
388 376 488 441 tenuit
504 377 640 462 impetus
658 378 742 444 dulei
760 401 857 443 mora.

155 477 189 533 60
206 492 282 555 ergo
300 469 373 535 hine
391 470 510 548 abesto,
528 471 638 548 Livor,
656 496 697 538 ne
714 473 832 538 frustra
850 495 968 558 gemas,

206 565 355 647 quoniam
373 565 532 629 sollemnis
550 566 627 629 mihi
645 567 778 631 debetur
794 567 905 652 gloria.

247 658 364 723 Induxi
382 669 413 722 te
431 660 472 723 ad
489 660 675 745 legendum3
694 661 850 724 sineerum
868 660 944 725 mihi

208 752 343 818 caudore
360 764 435 817 noto
452 753 566 819 reddas
581 754 735 818 iudicium
753 766 837 839 peto.

420 1146 447 1213 Ι.
491 1146 613 1215 ANVS
636 1147 702 1212 AD
725 1147 1011 1214 AMPHORAM.

250 1311 344 1375 Anus
362 1310 464 1374 iaoere
483 1309 560 1372 vidit
578 1320 703 1395 epotam
721 1311 916 1396 amphoram,

209 1404 313 1469 adhue
330 1404 468 1468 Falerna
485 1404 573 1468 faeee
593 1427 610 1468 e
627 1416 710 1470 testa
726 1405 825 1470 nobili

210 1499 338 1562 odorem
355 1519 436 1580 quae
454 1498 627 1562 iucundum
644 1499 707 1563 late
727 1510 898 1584 spargeret.

208 1593 294 1657 huno
311 1603 478 1676 postquam
496 1593 569 1655 totis
588 1592 681 1657 avida
698 1593 794 1657 traxit
811 1594 955 1658 naribus:

176 1706 193 1759 5
211 1693 244 1750 ‘o
263 1688 367 1751 suavis
386 1685 504 1750 animal
523 1687 617 1768 quale
633 1687 667 1750 in
685 1699 716 1751 te
734 1687 836 1751 dicam
854 1688 972 1751 bonum

211 1780 344 1845 antehae
362 1781 469 1855 fuisse,
488 1781 565 1844 tales
585 1803 656 1845 eum
676 1781 737 1845 sint
754 1781 936 1864 reliquiaei'

252 1877 326 1940 Hoe
344 1896 406 1958 quo
425 1874 588 1959 pertineat,
608 1875 698 1951 dicet,
717 1876 772 1959 qui
789 1899 840 1940 me
857 1876 988 1940 noverit.

367 2190 412 2256 11.
456 2189 712 2255 PANTHERA
733 2190 794 2255 ΕΤ
817 2186 1067 2258 PASTORES.

255 2354 342 2420 Solet
360 2377 379 2418 a
396 2353 551 2437 despectis
569 2375 628 2438 par
644 2352 754 2419 referri
771 2353 883 2437 gratia.

254 2448 415 2513 Panthera
431 2447 614 2532 imprudens
631 2447 707 2513 olim
723 2447 756 2510 in
775 2448 902 2511 foveam
919 2446 1043 2512 deeidit.

212 2545 319 2608 videre
338 2554 491 2629 agrestes:
510 2542 562 2606 alii
580 2543 679 2606 fustes
698 2552 882 2626 congerunt,

213 2638 266 2702 alii
283 2647 414 2701 onerant
432 2636 529 2712 saxis;
548 2636 676 2719 quidam
695 2648 802 2700 eontra
820 2637 949 2700 miseriti

178 2751 196 2804 5
213 2732 370 2817 periturae
388 2731 515 2815 quippe,
533 2730 692 2794 neminem
711 2751 792 2813 quae
809 2730 952 2807 laeserat,

213 2826 325 2890 misere
344 2848 475 2909 panem,
486 2836 521 2888 ut
539 2824 706 2889 sustineret
723 2824 878 2909 spiritum,

213 2942 276 2984 nox
293 2920 434 2984 insecuta
452 2929 514 2983 est:
537 2918 655 2982 abeunt
673 2918 775 2982 securi
793 2919 932 2994 domum,

215 3015 305 3098 quasi
323 3012 481 3077 inventuri
499 3024 655 3076 mortuam
673 3012 831 3096 postridie.

215 3121 247 3173 at
264 3110 327 3186 illa,
345 3109 427 3172 vires
445 3118 480 3171 ut
497 3108 607 3172 refeeit
622 3107 799 3192 languidas,

165 3219 198 3274 10
216 3203 316 3269 veloei
335 3202 416 3266 saltu
433 3201 527 3265 fovea
544 3223 613 3265 sese
630 3201 743 3265 liberat

217 3298 297 3362 etin
315 3296 419 3361 eubile
437 3294 558 3359 eoneito
576 3305 723 3379 properat
740 3292 853 3378 gradu.

215 3390 324 3477 paucis
343 3390 455 3454 diebus
472 3388 662 3472 interpositis
679 3389 832 3472 provolat,

217 3507 315 3571 pecus
333 3483 478 3558 trucidat,
496 3483 581 3568 ipsos
598 3492 739 3567 pastores
756 3492 858 3558 necat,

218 3590 248 3645 et
266 3588 378 3643 cuneta
395 3588 523 3642 vastans
541 3577 640 3642 saevit
656 3575 736 3640 irato
753 3576 882 3661 impetu.

167 3690 200 3744 15
217 3687 284 3739 tum
303 3671 363 3737 sibi
380 3671 535 3747 timentes,
554 3670 608 3754 qui
625 3671 711 3735 ferae
729 3679 942 3755 pepercerant,

218 3769 368 3833 damnum
386 3765 472 3829 haud
489 3775 645 3841 recusant,
664 3775 786 3829 tantum
803 3786 860 3850 pro
878 3764 943 3828 vita
961 3778 1081 3849 rogant.

218 3874 250 3927 at
266 3862 334 3926 illa:
358 3860 499 3924 ‘memini
517 3860 587 3944 quis
605 3882 656 3924 me
674 3882 750 3924 saxo
768 3859 901 3944 petierit,

218 3958 289 4040 quis
307 3978 421 4041 panem
439 3955 573 4020 dederit:
592 3978 648 4020 vos
666 3955 775 4019 timere
793 3953 932 4018 absistite
938 3979 947 4032 3

218 4052 278 4118 illis
296 4061 436 4116 revertor
453 4049 560 4126 hostis,
580 4050 634 4135 qui
651 4072 702 4117 me
721 4049 899 4116 laeserunt.'
