2580 4506
212 273 256 338 44
505 242 936 348 remnar'snsrnnavu

214 417 277 476 ‘est
294 411 450 497 gloriosus
469 436 545 478 sane
563 415 724 479 convictus
742 415 847 492 deum,

213 506 269 570 sed
286 505 341 581 illi,
358 507 413 590 qui
430 507 589 586 invitatur,
607 530 671 572 non
688 508 744 592 qui
761 510 881 574 invisus
899 520 955 574 est.

212 621 282 669 aras
300 601 495 683 frequentas:
514 626 627 688 nempe
646 602 792 687 abigeris,
811 625 883 667 cum
901 604 998 668 venis.

211 716 301 778 reges
320 717 544 760 commemoras
562 707 593 761 et
610 706 824 761 matronarum
841 699 964 762 oscula:

162 801 195 856 15
212 811 307 873 super
324 789 418 853 etiam
436 791 544 867 iactas,
562 802 668 876 tegere
686 789 772 873 quod
789 790 883 855 debet
900 792 1012 876 pudor.

211 882 289 946 nihil
306 882 444 948 laboras:
463 884 535 948 ideo
553 906 626 949 cum
644 907 723 968 opus
742 896 800 960 est,
817 885 895 949 nihil
913 885 1021 950 habes.

212 998 271 1062 ego
289 999 423 1061 granum
441 978 474 1041 in
491 979 626 1042 hiemem
645 1001 717 1043 oum
735 978 873 1045 studiose
892 1001 1039 1066 congero,

211 1083 242 1134 te
260 1071 345 1135 circa
362 1094 488 1135 murum
504 1073 592 1156 pasci
609 1072 702 1137 video
721 1085 867 1138 stercore.

211 1174 329 1229 aestate
346 1188 397 1228 me
414 1166 556 1230 lacessis:
576 1189 648 1230 cum
665 1167 779 1230 bruma
797 1179 853 1244 est,
872 1168 955 1233 siles.

159 1274 194 1329 20
210 1259 290 1322 mori
307 1271 499 1324 contractam
518 1283 591 1324 cum
607 1272 639 1325 te
657 1272 776 1345 cogunt
793 1261 921 1346 frigora,

210 1375 261 1417 me
279 1353 406 1438 copiosa
422 1355 533 1439 recipit
549 1354 740 1420 incolumem
757 1355 878 1420 domus.

210 1447 285 1511 satis
303 1447 443 1532 profecto
461 1448 577 1512 rettudi
595 1448 795 1533 superbiam?

251 1541 384 1606 Fabella
401 1543 471 1606 talis
489 1542 652 1607 hominum
671 1543 819 1607 discernit
835 1553 926 1608 notas

210 1657 329 1712 eorum,
347 1636 403 1719 qui
421 1659 455 1700 se
472 1635 560 1701 falsis
578 1648 691 1700 ornant
708 1637 865 1712 laudibus,

159 1744 193 1799 25
211 1740 242 1793 et
260 1752 395 1815 quorum
412 1730 511 1794 virtus
529 1731 657 1796 exhibet
675 1731 810 1796 solidum
827 1731 933 1796 decus.

276 2037 391 2105 XXV.
437 2035 694 2104 SIMONIDES
717 2039 750 2104 A
772 2035 880 2102 DEIS
905 2035 1159 2107 SERVATVS.

252 2199 416 2281 Quantum
435 2202 575 2266 valerent
592 2200 675 2266 inter
692 2201 834 2266 homines
853 2201 985 2277 litterae,

210 2294 276 2358 dixi
294 2295 452 2380 superius:
470 2305 618 2378 quantus,
636 2317 731 2372 nunc,
749 2294 810 2360 illis
828 2292 927 2359 honos

209 2412 228 2452 a
245 2389 367 2473 superis
386 2390 425 2453 sit
443 2389 589 2466 tributus,
607 2387 729 2453 tradam
747 2389 925 2454 memoriae.

251 2482 429 2549 Simonides
446 2484 531 2548 idem
548 2484 612 2560 ille,
632 2483 672 2548 de
689 2505 752 2566 quo
770 2483 886 2561 rettuli,

174 2585 191 2640 5
208 2577 318 2641 victori
335 2577 462 2642 laudem
480 2578 606 2642 cuidam
623 2588 737 2662 pyctae
754 2589 790 2641 ut
807 2577 966 2654 scriberet,

208 2682 294 2736 certo
313 2672 486 2736 conductus
504 2672 605 2757 pretio
624 2682 779 2736 secretum
796 2672 884 2757 petit.

208 2766 324 2853 exigua
342 2789 414 2831 cum
432 2767 569 2831 frenaret
586 2767 718 2830 materia
734 2767 897 2850 impetum,

208 2883 284 2925 usus
302 2872 396 2945 poeta
413 2861 507 2924 moris
525 2871 573 2925 est
589 2860 716 2925 licentia

208 2966 303 3038 atque
320 2954 507 3040 interposuit
524 2955 651 3040 gemina
669 2954 779 3019 Ledae
796 2954 939 3038 pignera,

157 3057 191 3112 10
208 3049 425 3114 auctoritatem
442 3048 550 3114 similis
568 3048 705 3114 referens
724 3048 852 3132 gloriae.

208 3166 287 3231 opus
306 3142 505 3228 adprobavit3
524 3143 580 3207 sed
597 3142 751 3207 mercedis
769 3141 892 3206 tertiam

208 3238 329 3323 accepit
346 3248 476 3323 partem.
520 3259 593 3302 cum
608 3236 760 3301 relicuom
777 3247 933 3322 posceret:

208 3331 287 3409 ‘illi,'
305 3332 418 3415 inquit,
436 3331 591 3409 ‘reddent
609 3353 745 3414 quorum
762 3341 835 3395 sunt
851 3330 954 3394 laudis
972 3330 1063 3396 duae.

208 3449 327 3504 verum,
346 3438 382 3491 ut
399 3449 439 3490 ne
455 3426 534 3490 irate
552 3436 583 3491 te
601 3425 764 3491 dimissum
782 3448 921 3502 censeas,

158 3529 191 3583 15
208 3521 249 3585 ad
267 3542 378 3585 cenam
394 3520 472 3586 mihi
490 3520 651 3606 promitte3
670 3531 820 3606 cognatos
838 3519 909 3584 volo

207 3614 300 3680 hodie
318 3615 461 3692 invitare,
479 3636 614 3698 quorum
633 3637 666 3679 es
684 3615 718 3679 in
735 3636 865 3679 numero
883 3613 979 3678 mihi!

207 3708 370 3774 fraudatus
388 3710 532 3795 quamvis
550 3722 581 3773 et
598 3709 707 3774 dolens
725 3709 847 3783 iniuria,

206 3827 246 3869 ne
264 3804 346 3868 male
365 3804 511 3868 dimissus
529 3803 663 3890 gratiam
681 3811 904 3888 corrumperet,

207 3899 358 3984 promisit.
402 3898 494 3963 rediit
511 3898 587 3963 hora
605 3898 699 3974 dicta,
717 3897 870 3962 recubuit.

154 3999 190 4054 20
207 3993 393 4078 splendebat
410 3992 509 4058 hilare
527 3993 648 4078 poculis
666 3990 857 4067 convivium,

206 4109 321 4174 magno
339 4087 492 4174 adparatu
509 4088 592 4153 laeta
608 4086 776 4152 resonabat
793 4085 919 4150 domus:
