2580 4506
498 261 613 316 LIBER
629 262 666 317 Π.
684 263 736 316 ΙΠ.

106 383 246 448 fecunda
263 383 372 449 novies
390 384 504 447 artium
521 385 643 469 peperit
661 384 803 462 chorum,

110 477 255 562 quamvis
272 479 305 542 in
323 477 393 563 ipsa
409 501 510 563 paene
528 492 620 544 natus
639 479 698 543 sim
716 479 825 544 schola

109 593 282 655 curamque
299 572 438 637 habendi
455 573 582 658 penitus
601 574 695 637 corde
714 572 862 638 eraserim

109 677 142 729 et
159 666 253 730 laude
270 665 388 730 invicta
405 668 502 731 vitam
518 667 552 730 in
569 666 651 732 hanc
659 666 876 744 incubuerim,

108 759 273 824 fastidiose
291 771 397 824 tamen
413 761 446 824 in
465 772 590 825 coetum
607 761 749 847 recipior.

109 853 188 936 quid
206 853 307 918 credis
325 854 371 919 illi
389 854 541 932 accidere,
558 855 614 939 qui
631 878 764 942 magnas
783 877 858 940 opes

109 969 305 1032 exaggerare
324 949 447 1032 quaerit
464 949 549 1013 omni
567 950 686 1035 vigilia,

110 1041 206 1105 docto
223 1042 323 1106 labori
341 1043 402 1107 vile
419 1065 616 1129 praeponens
633 1045 775 1109 luorum?

110 1135 169 1200 sed
185 1135 248 1199 iam
266 1137 502 1221 ‘quodcumque
520 1138 627 1203 fuerit'
646 1141 694 1219 (ut
712 1137 790 1203 dixit
808 1136 919 1214 Sinon,

110 1229 153 1293 ad
171 1233 277 1315 regem
296 1252 368 1294 eum
385 1229 569 1296 Dardaniae
586 1233 756 1317 perductus
774 1232 878 1314 foret),

109 1323 227 1388 librum
248 1325 384 1390 exarabo
403 1326 530 1391 tertium
546 1326 668 1412 Aesopi
686 1326 768 1402 stilo,

110 1417 224 1481 honori
242 1429 273 1482 et
290 1419 409 1483 meritis
427 1420 577 1484 dedicans
595 1420 683 1485 illum
701 1421 773 1484 tuis.

110 1532 207 1594 quern
225 1512 252 1575 si
269 1513 366 1597 leges,
384 1513 539 1591 laetabor3
558 1513 606 1578 sin
625 1525 730 1578 autem
748 1513 862 1590 minus,

110 1605 275 1671 habebunt
293 1618 387 1685 certe,
405 1629 468 1690 quo
485 1631 519 1672 se
536 1608 704 1685 oblectent,
723 1609 848 1692 posteri.

154 1701 259 1777 Nunc,
277 1701 457 1766 fabularum
476 1724 532 1767 cur
549 1703 590 1767 sit
606 1703 770 1768 inventum
788 1724 901 1788 genus,

110 1795 201 1859 brevi
219 1796 349 1860 docebo,
394 1797 527 1861 servitus
545 1797 692 1874 obnoxia,

111 1890 187 1972 quia
205 1912 286 1973 quae
305 1891 431 1956 volebat
447 1913 511 1955 non
529 1892 668 1957 audebat
685 1891 800 1969 dicere,

112 1985 256 2049 adfectus
273 1985 416 2070 proprios
433 1986 467 2050 in
483 1986 616 2051 fabellas
634 1986 793 2051 transtulit

112 2080 366 2163 calumniamque
383 2079 463 2144 fictis
482 2073 574 2145 elusit
591 2081 679 2145 iocis.
763 2157 765 2160 Α

112 2195 173 2258 ego
191 2195 284 2258 porro
302 2173 386 2238 illius
405 2174 517 2239 semita
533 2175 596 2240 feci
612 2175 698 2239 viam

111 2279 144 2332 et
162 2268 299 2352 cogitavi
317 2268 408 2353 plura
426 2290 521 2351 quam
539 2269 719 2352 reliquerat,
737 2305 778 2316 -

110 2363 145 2427 in
163 2362 373 2428 calamitatem
392 2358 533 2448 deligens
552 2363 709 2448 quaedam
727 2363 844 2429 meaml

112 2458 200 2541 quod
217 2458 243 2522 si
261 2468 425 2523 aecusator
442 2459 521 2522 alius
540 2457 657 2523 Seiano
674 2458 765 2535 foret,

112 2553 140 2617 si
157 2553 245 2617 testis
263 2552 353 2629 alius,
370 2553 467 2617 iudex
485 2553 565 2617 alius
585 2553 731 2636 denique,

112 2647 244 2732 dignum
262 2645 379 2712 faterer
396 2668 464 2711 esse
482 2646 646 2711 metantis
664 2646 765 2722 malis,

111 2763 171 2806 nec
189 2740 237 2804 his
255 2740 394 2804 dolorem
413 2741 584 2805 delenirem
602 2740 756 2805 remediis.

112 2834 285 2919 suspitione
303 2835 416 2916 siquis
435 2833 551 2898 errabit
568 2857 626 2899 sua

111 2940 143 2994 et
160 2929 261 3013 rapiet
278 2929 320 2992 ad
336 2952 380 3006 se,
398 2929 483 3011 quod
502 2929 561 2994 erit
578 2951 745 2994 commune
763 2929 913 3004 omnium,

112 3025 206 3088 stulte
224 3023 356 3087 nudabit
374 3024 470 3087 animi
489 3024 721 3089 conscientiam.

111 3119 186 3182 huic
204 3129 388 3182 excusatum
407 3141 458 3182 me
476 3120 571 3183 velim
588 3118 822 3183 nihilominus:

111 3235 214 3296 neque
233 3212 315 3277 enim
332 3223 441 3277 notare
459 3212 601 3297 singulos
619 3234 708 3276 mens
727 3223 773 3276 est
792 3212 878 3290 mihi,

112 3330 222 3373 verum
240 3307 341 3391 ipsam
360 3307 456 3370 vitam
475 3317 507 3370 et
524 3328 627 3370 mores
645 3306 809 3370 hominurn
828 3307 1001 3372 ostendere.

154 3402 236 3466 Rem
255 3424 305 3465 me
322 3401 501 3485 professum
519 3401 603 3466 dicet
620 3401 728 3465 forsan
745 3403 815 3485 quis
833 3425 972 3487 gravem.

112 3497 139 3560 si
156 3495 267 3579 Phryx
285 3496 434 3580 Aesopus
451 3495 563 3580 potuit,
582 3496 609 3560 si
626 3496 820 3561 Anacharsis
840 3495 961 3580 Scytha

112 3602 272 3655 aeternam
289 3589 407 3653 famam
425 3590 559 3657 condere
577 3590 705 3676 ingenio
723 3612 794 3654 suo:

112 3707 183 3770 ege,
200 3684 356 3749 litteratae
374 3684 428 3768 qui
447 3707 517 3748 sum
534 3686 662 3770 propior
680 3682 844 3762 Graeciae,

112 3802 168 3843 cur
186 3799 295 3842 somno
312 3778 404 3842 inerti
422 3779 566 3843 deseram
583 3778 702 3864 patriae
721 3779 836 3843 decus?

112 3873 261 3936 Threissa
279 3894 351 3936 eum
368 3895 448 3958 gens
465 3885 610 3938 numeret
627 3883 770 3937 auctores
790 3895 873 3948 suos,

111 3967 260 4050 Linoque
277 3968 395 4051 Apollo
412 3967 453 4031 sit
469 3989 594 4052 parens,
611 3967 709 4031 Musa
726 3963 868 4050 Orpheo,

112 4062 167 4147 qui
184 4085 261 4129 saxa
279 4072 373 4127 cantu
390 4062 489 4128 movit
507 4073 539 4128 et
557 4062 678 4128 domuit
695 4060 779 4128 feras
